2280 4004
649 62 694 132 ,j

344 258 591 305 narsmonrn.
639 261 708 306 nra.
734 261 757 306 1.
998 240 1052 303 ·'7·5

52 417 97 483 Et
112 440 187 484 cum
202 421 338 510 Cyllene
353 425 451 510 gelidi
466 425 575 512 pineta
592 425 710 513 Lycaei.

50 531 192 598 Arcados
207 533 284 600 hinc
299 537 391 602 sedes
406 548 439 602 et
453 537 616 624 inhospita
631 547 718 602 tecta
732 535 861 623 tyranni

53 642 225 730 Ingrediar,
240 647 401 712 traherent
415 647 490 713 cum
506 670 574 726 sera
589 648 778 734 crepuscula
791 656 928 713 noctem.

53 754 154 842 Signa
168 757 243 822 dedi
259 758 381 822 venisse
398 759 516 838 Deum,
531 759 710 846 vulgusque
726 758 844 846 precari
987 758 1052 824 220

53 865 224 953 Coeperat3
247 867 358 933 irridet
373 868 475 954 primd
491 867 544 955 pia
558 878 633 932 vota
648 868 797 954 Lycaon:

54 977 137 1043 Mox
151 978 207 1059 ait,
222 980 376 1066 experiar,
392 980 483 1044 Deus
498 978 564 1058 hic,
580 977 761 1043 discrimine
776 987 896 1065 aperto,

53 1090 106 1152 An
121 1089 165 1154 sit
177 1091 320 1154 mortalis
328 1115 337 1171 ;
360 1112 420 1156 nec
433 1091 493 1155 erit
507 1089 684 1155 dubitabile
699 1111 818 1156 verum.

55 1196 158 1263 Nocte
173 1219 300 1285 gravem
313 1220 435 1276 somno,
451 1220 511 1262 nec
526 1197 626 1284 opinis
641 1198 768 1284 perdere
781 1208 883 1265 morte

54 1308 113 1374 Me
128 1319 239 1397 parat:
262 1309 334 1375 haec
349 1308 395 1373 illi
410 1309 517 1394 placet
532 1308 726 1395 experientia
740 1311 816 1374 veri.
989 1306 1055 1379 225

56 1418 125 1483 Nec
140 1427 310 1484 contentus
323 1440 372 1498 eo,
387 1417 475 1482 missi
490 1418 531 1482 de
546 1427 641 1504 gente
657 1417 805 1484 Molossi

56 1529 190 1595 Obsidis
205 1534 303 1594 unius
314 1530 467 1617 jugulum
482 1533 631 1595 mucrene
645 1530 794 1596 resolvit:

56 1641 166 1729 Atque
179 1641 226 1706 ita
241 1640 414 1706 semineces
430 1640 759 1728 partimferventibus
773 1649 862 1706 artus

58 1751 168 1818 Mollit
183 1751 286 1840 aquis,
300 1752 417 1840 partim
430 1754 576 1839 subjecto
591 1751 705 1817 torruit
719 1751 798 1839 igni.

57 1862 149 1937 Quos
163 1861 261 1926 simul
274 1861 427 1949 imposuit
441 1861 572 1942 mensis,
587 1883 646 1948 ego
660 1861 785 1927 vindice
798 1862 939 1927 flammis*
994 1863 1059 1928 230

58 1971 243 2038 indumine
257 1971 372 2060 dignos
386 1971 484 2037 everti
500 1980 588 2037 tecta
602 1971 751 2037 Penates.

57 2080 200 2147 Territus
215 2081 286 2169 ipse
301 2079 396 2168 fugit,
410 2088 588 2167 nactusque
603 2080 729 2146 silentia
743 2081 826 2151 ruris

61 2192 228 2271 Exululat,
241 2190 419 2279 frustraque
434 2190 523 2278 loqui
538 2195 695 2257 conatur:
717 2191 846 2279 abipso

60 2299 195 2383 Colligit
207 2325 246 2361 os
258 2301 388 2376 rabiem,
404 2301 572 2388 solitaeque
587 2301 738 2388 cupidine
752 2300 853 2384 credis

61 2407 208 2474 Vertitur
222 2406 257 2472 in
272 2406 429 2494 pecudes3
453 2417 488 2470 et
501 2426 587 2469 nuno
600 2432 729 2492 qrmque
743 2410 899 2500 sanguine
914 2411 1045 2500 gaudet

62 2520 104 2586 In
118 2518 210 2583 villos
225 2519 345 2583 abeunt
361 2524 476 2594 vestes,
490 2514 524 2579 in
539 2536 632 2580 crura
643 2514 775 2580 lacerti:
989 2521 1061 2589 235
1132 2564 1135 2573 .

62 2629 118 2696 Fit
132 2629 239 2715 lupus,
254 2635 287 2694 et
302 2625 418 2692 veteris
433 2634 538 2690 servat
551 2624 687 2712 vestigia
702 2625 824 2690 formae.

63 2738 209 2807 Canities
223 2737 336 2803 eadem
350 2746 409 2817 est,
421 2735 533 2800 eadem
549 2734 699 2799 violentia
710 2735 824 2799 vultu:

66 2853 156 2922 [dem
170 2848 256 2916 oculi
270 2847 402 2926 lucent3
424 2844 537 2910 eadem
552 2843 688 2910 feritatis
702 2844 819 2936 imago,
