2280 4004
362 276 611 325 uunauonnn.
657 276 729 324 nrn.
754 277 777 323 1.
1031 248 1072 315 77

69 437 263 529 Emittitque
278 443 412 510 Notum.
457 445 601 511 Madidis
616 445 723 511 Notus
737 441 844 509 evolat
858 439 927 520 alis,

66 548 250 617 Terribilem
265 553 358 641 picei
372 565 478 622 tactus
492 556 630 646 caligine
644 556 792 621 vultum:
1004 547 1069 615 265

68 660 175 728 Barba
189 665 294 752 gravis
307 665 438 748 nimbis,
450 668 541 733 canis
556 666 629 733 fluit
643 665 731 731 undu
745 662 879 752 capillis,

66 768 185 838 Fronte
200 775 316 841 sedent
328 778 467 857 nebulae,
484 784 591 842 rorant
605 772 780 862 pennaeque
795 771 956 858 sinusque.

65 880 177 971 thue
191 906 289 951 mauu
304 884 372 952 last
386 888 562 975 pendentia
576 887 689 953 nubila
703 883 829 974 pressit,

65 989 120 1057 Fit
132 992 238 1082 fragor
246 1020 257 1077 ;
279 996 358 1062 hinc
372 997 465 1063 densi
478 998 659 1064 funduntur
672 997 714 1062 ab
732 995 852 1063 aethere
868 989 978 1057 nimbi.

64 1103 195 1171 Nunoia
207 1107 347 1174 lunonis
361 1111 466 1175 varios
480 1109 596 1174 induta
609 1109 732 1174 colores
1000 1099 1066 1167 270

41 1282 45 1287 ,
64 1213 216 1303 Concipit
231 1217 291 1281 Iris
305 1240 418 1304 aquas,
432 1219 650 1304 alimentaque
664 1216 805 1281 nubibus
818 1211 919 1280 affert.

64 1323 266 1392 Sturnuntur
279 1337 414 1416 segetes,
428 1338 463 1394 et
479 1328 645 1415 deplorata
657 1325 763 1392 colbni

63 1431 149 1500 Vota
157 1426 280 1523 jacent,
294 1438 448 1526 longique
462 1439 550 1504 labor
564 1439 646 1526 perit
658 1437 767 1502 irritus
780 1435 867 1500 anni.

63 1542 133 1610 Neo
148 1547 229 1611 coelo
243 1555 394 1612 contenta
407 1568 466 1615 sno
479 1547 569 1615 Jovis
584 1546 650 1612 ira:
672 1546 729 1611 sed
744 1545 835 1610 illum

61 1653 230 1721 Caeruleus
244 1657 341 1724 frater
349 1659 445 1745 juvat
460 1656 670 1724 auxiliaribus
684 1654 789 1720 undis.
995 1652 1061 1715 275

62 1766 229 1835 Convocat
242 1769 295 1836 hic
309 1791 437 1835 amnes:
459 1769 517 1857 qui
531 1777 703 1856 postquam
716 1762 944 1852 tecta'tyranui

60 1879 225 1944 Intravdre
241 1880 303 1956 sui,
318 1880 393 1946 Non
407 1890 457 1945 est
469 1879 648 1945 hortamine
662 1879 760 1966 longo

61 1986 170 2068 Nunc,
184 1987 241 2070 ait,
256 1988 435 2069 utendum3
457 1989 538 2053 vires
552 1986 708 2054 effundite
721 1996 862 2052 vestras:

59 2096 131 2178 (Sic
146 2121 227 2185 opus
242 2105 306 2180 est)
318 2103 441 2188 vaperite
454 2100 576 2175 domos,
589 2120 628 2164 aa
642 2098 724 2165 mole
739 2094 873 2175 remoti,

60 2205 263 2273 Fluminibus
276 2210 389 2275 vestris
403 2218 489 2276 totas
501 2209 664 2274 immittite
678 2209 832 2274 habenas.
996 2205 1060 2269 280

57 2318 225 2400 Jusserat3
247 2319 280 2384 bi
295 2320 441 2401 redeunt,
454 2343 493 2386 ac
507 2320 650 2387 fontibus
664 2341 720 2386 ora
732 2321 887 2398 relaxant,

59 2426 106 2493 Et
121 2427 296 2494 delroenato
310 2429 483 2495 volvuntur
496 2430 530 2494 in
545 2450 677 2518 aequora
692 2451 799 2496 cursu.

59 2541 135 2629 lpse
149 2541 289 2606 tridente·
300 2564 358 2608 suc
372 2551 487 2608 terram
503 2541 676 2630 percussit:
698 2551 734 2606 at
746 2541 803 2605 illa

57 2649 239 2725 Intremuit,
253 2656 405 2738 motuque
419 2650 510 2716 ainus
524 2649 679 2738 patefecit
692 2653 857 2736 aquarum.

58 2756 251 2846 Exspatiata
265 2768 363 2824 ruunt
376 2781 433 2847 per
445 2767 571 2846 apertos
585 2758 719 2823 flumina
732 2779 885 2846 campos3
992 2759 1057 2824 285

59 2867 209 2957 Cumque
224 2869 304 2934 satis
317 2870 451 2935 arbusta
465 2868 571 2949 simul,
585 2869 800 2956 pecudesque,
812 2869 959 2957 virosque

56 2977 229 3067 Tectaque,
244 3000 382 3068 cumque
396 2979 465 3045 suis
480 2979 611 3067 rapiunt
625 2980 801 3067 penetralia
814 2982 921 3046 sacris.

56 3086 94 3152 Si
109 3110 175 3176 qua
188 3088 303 3154 domus
317 3089 446 3169 mansit,
460 3088 631 3177 potuitque
645 3090 788 3154 resistere
801 3099 893 3155 tanto
1009 3132 1013 3139 -

56 3199 223 3286 Indejecta
237 3199 343 3279 malo;
364 3198 494 3264 culmen
508 3207 617 3263 tamen
631 3198 722 3264 altior
735 3198 833 3286 hujus

55 3307 155 3373 Unda
169 3307 260 3396 tegit,
275 3329 458 3394 pressaque
472 3307 583 3373 labant
596 3309 657 3373 sub
673 3308 800 3396 gurgite
812 3318 922 3375 turres.
988 3313 1054 3377 290

52 3421 194 3507 Jamque
209 3440 294 3484 mare
308 3429 341 3484 et
354 3418 453 3484 tellus
466 3418 591 3483 nullum
605 3417 777 3483 discrimen
791 3418 971 3485 habebant:

10 3572 13 3595 r
54 3529 178 3598 Omnia
191 3539 309 3618 pontus
324 3539 425 3609 erant,
439 3528 573 3594 deerant
585 3551 714 3618 quoque
725 3528 833 3597 littora
846 3540 955 3618 ponto.

511 3660 534 3703 a
557 3641 578 3707 3
