2280 4004
334 243 597 335 'Qusrsuosera
647 260 717 306 nin.
735 261 757 306 r.

549 608 604 676 VI.

112 879 195 956 Quae
209 890 298 970 pater
313 892 350 946 ut
365 883 491 949 summa
504 882 585 949 vidit
601 883 772 949 Saturnius
788 905 870 960 arce,

68 990 228 1077 Ingemit3
255 1001 289 1058 et
303 993 390 1059 facto
405 994 548 1060 nondum
563 995 696 1083 vulgata
709 995 827 1060 recenti

10 1156 12 1163 .
68 1099 170 1166 Foeda
185 1103 352 1191 Lycaoniae
366 1103 504 1170 referens
519 1104 666 1170 convivia
681 1126 811 1178 mensae,
1007 1101 1069 1167 165

68 1211 220 1300 Ingentes
235 1214 352 1288 animo,
367 1225 400 1279 et
413 1215 528 1303 dignas
543 1215 622 1279 Jove
637 1215 779 1301 concipit
793 1216 872 1278 iras:

10 1308 14 1335 '
67 1322 312 1410 conciliumque
326 1333 441 1404 vocat3
464 1324 570 1388 tenuit
583 1344 671 1388 mora
686 1324 775 1388 nulla
790 1329 931 1390 vocatos.

65 1433 126 1499 Est
141 1433 193 1498 via
208 1434 365 1512 aublImis,
379 1435 462 1499 coelo
477 1434 646 1498 manifesta
661 1439 783 1514 sereno,

65 1546 183 1610 Lactea
198 1565 312 1610 nomen
328 1545 437 1624 habet,
451 1545 589 1608 candore
603 1544 754 1609 notabilis
768 1544 850 1631 ipso.

63 1654 137 1722 Hac
152 1655 212 1721 iter
226 1664 275 1720 est
291 1654 421 1742 Superis
436 1655 477 1720 ad
494 1654 602 1742 magni
617 1663 705 1719 tecta
718 1654 885 1736 Tonantis,
1006 1656 1066 1722 170

63 1762 280 1852 Regalemque
296 1766 448 1830 domum:
472 1763 588 1829 dextra
602 1762 749 1851 laevisque
765 1765 907 1830 Deorum

61 1873 154 1938 Atria
168 1874 321 1940 nobilium
337 1875 436 1939 valvis
451 1875 653 1939 celebrantur
668 1874 805 1963 apertis:

63 1984 326 2050 Plebs-habitant
341 1984 466 2049 diversa
477 1984 575 2050 locis:
600 1982 620 2048 ὲ
636 1985 739 2050 fronte
755 1995 901 2072 potentes

63 2095 240 2170 Coelicolac,
257 2095 398 2182 clarique
414 2116 490 2161 suos
505 2097 639 2182 posuere
655 2094 802 2162 Penites.

62 2205 127 2270 Hic
142 2206 232 2271 locus
247 2215 307 2285 est,
322 2228 430 2293 quem,
445 2205 472 2270 si
488 2207 592 2271 verbis
608 2205 742 2271 audacia
756 2207 860 2284 detur,
1002 2209 1063 2275 175

59 2302 305 2380 Haud'timeam
318 2315 430 2403 magni
446 2315 568 2380 dixisse
584 2317 705 2403 palatia
720 2317 802 2383 coeli.

59 2422 148 2511 Ergo
163 2424 218 2489 ubi
233 2445 408 2489 marmoreo
423 2425 529 2511 superi
545 2424 653 2490 sedere
668 2446 815 2507 recessu3

58 2532 181 2599 Celsior
196 2533 264 2620 ipse
279 2533 359 2608 loco,
374 2537 562 2621 sceptrdque
576 2535 708 2600 innixus
722 2537 852 2617 eburno,

55 2642 240 2709 Terrificam
254 2643 370 2730 capitis
386 2644 551 2708 concussit
564 2655 674 2732 terque
689 2655 864 2734 quaterque

57 2754 229 2819 Caesariem
238 2779 248 2833 3
271 2775 346 2818 curn
361 2753 428 2841 quis
443 2763 570 2834 terram,
585 2774 682 2835 mare,
698 2755 801 2822 sidera
816 2759 925 2826 movit.
998 2763 1060 2829 180

55 2864 188 2929 Talibus
202 2864 277 2929 inde
291 2864 395 2930 modia
408 2886 464 2930 ora
479 2863 681 2952 indignantia
697 2867 812 2933 solvit:

56 2974 132 3040 Non
146 2995 206 3063 ego
221 2997 278 3062 pro
292 2973 403 3038 mundi
420 2995 518 3062 regno
533 2972 638 3062 magis
653 2976 768 3042 anxius
783 2977 840 3042 illa

54 3086 258 3173 Tempestite
272 3085 330 3166 fui,
346 3084 414 3172 qut
428 3094 557 3150 centum
572 3085 707 3175 quisque
723 3090 855 3175 parabat

54 3195 188 3284 injicere
202 3195 420 3284 anguipedum
435 3199 565 3282 captivo
579 3197 710 3263 brachia
726 3200 815 3264 coelo.

53 3304 140 3371 Nam
154 3328 342 3394 quanquam
357 3305 442 3370 ferus
457 3307 558 3372 hostis
573 3317 652 3383 erat,
668 3317 775 3373 tamen
790 3308 869 3376 illud
885 3313 926 3377 ab
942 3335 1007 3379 uno

52 3417 204 3505 Corpore,
219 3429 306 3483 etex
321 3416 387 3483 und
402 3418 564 3506 pendEbat
578 3418 699 3507 origine
714 3421 842 3487 bellum.
990 3424 1052 3493 186

50 3528 150 3596 Nunc
164 3529 254 3610 mihi,
269 3526 454 3616 qudtotum
470 3529 592 3595 Nereus
607 3530 821 3598 circumtonat
834 3534 952 3614 orbem,

540 3660 563 3702 u
