2280 4004
369 235 615 290 nrrruourrr.
662 240 735 288 ure.
751 238 774 289 r.
1029 206 1083 289 9'1'

76 393 196 457 Littera
209 414 265 479 pro
277 384 388 473 verbis,
399 414 498 480 quam
512 392 619 480 posin
634 390 764 481 pulvere
778 392 880 472 ducit,

78 502 226 590 Corporis
240 502 393 569 indicium
407 503 523 569 mutili
539 503 630 569 triste
644 503 775 592 peregit.
860 522 863 531 ·
1009 488 1073 569 650

79 613 137 677 Me
153 613 320 679 miserum!
345 615 506 679 exclimat
519 624 610 702 pater
625 613 785 693 Inachus3
808 613 905 700 inque
920 602 1075 700 gementis

79 723 248 803 Cornibus,
262 732 295 788 et
308 724 410 789 nireae
425 727 567 812 pendens
583 729 705 791 cervice
715 716 875 812 juvencae,

81 835 140 898 Me
155 834 325 900 miserum!
353 835 549 923 ingeminat:
570 837 660 901 Tune
675 858 709 901 cs
724 838 862 923 quoesita
875 850 930 922 per
945 856 1067 910 omnes,

81 943 180 1019 Nata,
193 945 272 1009 mihi
287 947 410 1011 terras?
432 946 482 1010 Tu
494 968 559 1012 nou
572 947 704 1012 iuventa
716 945 842 1034 reperti
910 988 913 993 -

83 1053 204 1117 Luctus
218 1076 287 1118 eras
302 1055 407 1121 levior.
447 1055 595 1136 Retices,
609 1076 669 1122 nec
683 1045 797 1121 mutua
810 1056 928 1120 nostris
1015 1055 1077 1121 665

84 1163 183 1229 Dicta·
194 1159 291 1229 refers
304 1189 313 1246 ;
334 1166 400 1231 ulto
414 1165 540 1231 tantini
555 1166 690 1253 suspiria
704 1165 810 1252 prodis

84 1275 235 1340 Pectore:
259 1276 410 1363 quodque
420 1298 522 1341 unum
536 1286 640 1364 potes,
654 1278 696 1342 ad
711 1296 783 1342 mea
797 1278 894 1341 verba
909 1261 1056 1364 remigii.

83 1387 129 1449 At
142 1386 201 1451 tibi
216 1409 276 1474 ego
291 1387 421 1474 ignarus
436 1378 593 1451 thalamos
604 1388 769 1474 tradasque
783 1376 951 1475 peribam

85 1497 228 1584 Spesque
243 1498 307 1562 fuit
320 1497 427 1584 generi
440 1497 519 1561 milri
531 1497 643 1584 prima,
658 1499 797 1563 secunda
811 1502 983 1585 nepotum:

87 1608 138 1672 De
153 1631 247 1697 grege
261 1631 348 1672 nuno
362 1609 423 1674 tibi
437 1609 495 1688 vir,
510 1630 598 1673 nunc
611 1607 652 1672 de
667 1629 763 1696 grege
777 1618 874 1675 natus
889 1611 1066 1677 habendus.

87 1717 155 1782 Nec
171 1719 263 1781 finire
277 1718 355 1782 licet
368 1726 476 1783 tantos
490 1717 570 1781 mihi
584 1724 685 1781 morte
700 1717 844 1782 dolores:
898 1738 901 1742 ·
1017 1720 1078 1785 661

87 1827 152 1890 Sed
166 1836 262 1892 nocet
277 1848 346 1891 esse
363 1827 480 1905 deum3
503 1810 721 1913 praeclirsaque
730 1827 832 1912 janua
844 1826 923 1891 lethi
1085 1806 1088 1811 Δ

86 1935 254 1999 AEternum
268 1943 389 1999 nostros
402 1936 512 1999 luctus
527 1933 672 1999 extendit
684 1934 719 1997 in
730 1957 845 2000 aevum.

85 2047 175 2111 Talia
191 2047 333 2111 moerenti
349 2045 492 2109 stellatus
508 2055 684 2110 summovet
697 2045 815 2132 Argus,

89 2159 304 2247 Ereptamque
320 2156 403 2243 patri
418 2155 542 2220 diversa
556 2155 591 2218 in
605 2177 726 2241 pascua
740 2166 849 2221 natam
1022 2160 1085 2225 665

88 2268 264 2333 Abstrahit.
310 2268 385 2354 Ipse
403 2266 511 2354 procul
525 2255 643 2331 montis
657 2267 794 2332 sublime
809 2273 964 2334 cacumen

91 2380 250 2465 Occupat,
265 2376 350 2441 unde
366 2375 478 2438 sedens
493 2384 600 2460 partes
614 2375 798 2458 speculetur
812 2375 845 2439 in
860 2398 977 2443 omnes.

559 2758 620 2825 XL

95 2932 163 2996 Nec
177 2931 327 3019 supersim
342 2939 443 2997 rector
457 2930 541 2995 mala
555 2939 649 2995 tanta
663 2929 863 2995 Phoronidos
879 2930 961 2994 ultra
1035 2945 1038 2950 ’

93 3043 186 3106 Ferre
200 3052 307 3130 potest
319 3067 327 3121 3
350 3051 525 3128 natumque
539 3050 643 3121 vocat,
659 3062 754 3128 quem
768 3040 876 3105 lucida
892 3051 984 3128 partu
1016 3110 1019 3117 ,

95 3153 201 3216 Pleias
216 3151 310 3216 enixa
324 3161 393 3231 est;
414 3151 566 3238 lethoque
581 3144 647 3226 det,
661 3150 807 3238 imperat,
822 3151 956 3237 Argum.
1026 3150 1090 3216 670

96 3264 200 3327 Parva
215 3285 301 3329 mora
316 3271 375 3340 est,
390 3262 457 3326 alas
472 3261 619 3348 pedibus,
632 3261 819 3349 virgamque
834 3263 957 3349 potenti

96 3372 307 3436 Somniferam
322 3370 494 3456 sumpsisse
509 3392 620 3443 mauu,
635 3370 836 3457 tegimenque
852 3369 984 3457 capillis.

97 3481 178 3544 Haec
192 3481 247 3545 ubi
263 3478 432 3566 disposuit,
447 3477 552 3566 patrii
564 3478 645 3544 Jove
660 3489 756 3544 natus
770 3479 812 3543 ab
827 3498 898 3542 arce
