2280 4004
440 270 539 326 nonu
565 283 588 326 r.
999 261 1041 324 63

60 416 170 493 terrae‘
241 450 305 494 non
320 451 442 518 semper
456 431 589 497 habenti
601 452 742 520 gramen,
764 453 822 518 pro
877 441 947 496 toro
953 457 962 513 3

59 525 298 591 on-thegroundaot
335 527 424 594 always
487 529 575 593 having
621 545 695 595 grass,
736 528 962 589 instead-orabam

60 635 231 713 potat-que
273 627 387 691 limosa
431 627 574 692 flumina.
641 628 750 694 Etiam
786 627 862 695 edm
897 628 962 693 illa,

60 724 201 774 end-drinks
283 724 372 791 muddy
440 734 553 776 currente.
666 727 725 775 Alsa
783 727 855 777 when
910 727 960 783 she,

61 824 209 913 supplex,
222 825 317 889 vellet
330 825 460 890 tendere
483 825 613 890 brachia
643 826 741 912 Argo,
759 824 875 890 habuit
896 846 961 891 non
975 836 1038 902 635

60 923 189 989 snpplimt,
224 922 315 972 wished
330 923 578 972 tostretchher-arms
618 923 742 986 m-drgus,
765 918 867 972 she-bad
920 931 962 972 not

59 1022 193 1088 brachia
242 1046 314 1111 quae
400 1022 544 1089 tenderet
616 1024 723 1112 Argo:
778 1023 960 1110 edidit-que

60 1136 124 1170 unns
241 1121 319 1171 which
363 1122 584 1173 she-could-stretch
611 1121 743 1186 to-Argus:
775 1121 960 1171 and-sent-lorth

59 1224 209 1311 mugitus
264 1245 316 1287 ore
431 1228 546 1288 conato
602 1222 703 1309 queri,
717 1223 959 1310 pertimuit-que

58 1321 159 1388 lowings
184 1321 739 1387 with-hermentbendeavouringto-eomplein,
822 1322 959 1372 and-tenen

59 1443 168 1502 sonos,
233 1430 361 1509 est-que
409 1420 556 1486 exterrita
599 1418 727 1508 propria
760 1442 848 1486 voce.
914 1420 959 1485 Et

55 1518 214 1579 tlte-sounds,¹
239 1519 349 1570 and-was
417 1518 539 1584 affiighted
580 1518 731 1584 hyda-own
772 1519 847 1567 voice.
900 1517 958 1567 And

58 1619 149 1683 venit
191 1619 233 1683 ad
275 1617 370 1706 ripas,
413 1617 468 1682 ubi
498 1615 583 1705 saepe
652 1617 776 1682 solebat
839 1617 958 1691 ludere,

53 1714 182 1766 summe
203 1725 227 1765 to
258 1715 392 1774 the-banks,
405 1716 482 1766 where
509 1715 847 1766 otenshe-wesaceustomed
856 1716 956 1782 toplay,

56 1816 233 1882 Inachidas
261 1817 363 1904 ripas;
393 1828 508 1902 ut-que
534 1817 702 1903 conspexit
727 1838 811 1881 nova
839 1839 958 1882 cornua
1028 1838 1033 1873 ε

58 1914 226 1965 tna-Inachias
262 1916 352 1975 banks3
389 1914 517 1964 und-when
550 1914 690 1963 she-beheld
722 1915 825 1963 her-new
886 1914 958 1962 horus

54 2015 91 2080 in
121 2015 219 2098 unda,
235 2016 410 2104 pertimuit,
425 2019 668 2102 externata-que
707 2016 828 2104 reffigit
913 2039 955 2082 se.
969 2011 1034 2100 '640

56 2116 84 2167 in
94 2116 227 2172 the-water,
251 2113 391 2171 she-sarad,
447 2114 640 2165 and-astonished
683 2113 956 2165 recoiled-lromhersell.

57 2215 184 2283 Naides
219 2216 380 2303 ignorant,
403 2226 437 2281 et
465 2213 604 2279 Inachus
633 2214 701 2302 ipse
725 2214 853 2302 ignorat
880 2237 956 2302 quae

57 2313 214 2364 The-Nslsds
231 2315 362 2370 know-not,
396 2311 444 2361 sud
477 2312 582 2361 Inachus
618 2312 714 2362 himself
726 2313 860 2362 Inous-not
904 2312 957 2360 vrbo

58 2415 109 2480 sit.
187 2413 233 2476 At
272 2412 326 2475 illa
371 2411 515 2497 sequitur
549 2420 682 2498 patrem,
734 2411 955 2499 sequitur-que

57 2512 152 2563 she-be.
185 2509 235 2559 But
269 2509 311 2558 she
392 2509 482 2558 follows
510 2508 644 2566 her-father,
806 2510 957 2559 and-follows

57 2615 181 2678 sorores
193 2635 202 2690 3
233 2620 267 2675 et
281 2608 402 2697 patitur
522 2608 626 2695 tangi,
683 2609 856 2696 offert-que
922 2631 956 2673 se

57 2709 204 2768 her-sistam
222 2708 269 2757 and
301 2707 479 2773 suffersherself
489 2707 677 2765 tabe-touched,
705 2707 833 2759 and-offers
873 2708 961 2760 herself

52 2809 299 2877 admirantibus.
388 2807 499 2872 Senior
557 2805 698 2872 Inachus
777 2819 958 2895 porrexerat

54 2906 288 2969 to·thcm·edmiring.
423 2905 472 2954 Old
574 2905 678 2956 Inachus
710 2906 957 2958 haesitanter-forth

47 3009 226 3092 *decerptas
254 3005 389 3083 herbas;
427 3004 483 3069 illa
509 3004 622 3069 lambit
661 3028 788 3082 manus,
822 3007 956 3092 dat-que
967 3016 1031 3082 645

49 3104 156 3173 ,pushed
264 3103 349 3164 herbs3
428 3102 470 3151 she
534 3103 594 3152 licks
635 3104 768 3163 habands,
831 3104 956 3169 and-gives

54 3203 168 3272 oscula
195 3202 306 3289 patriis
332 3200 455 3289 palmia.
500 3201 570 3266 Nec
602 3203 717 3269 retinet
752 3203 955 3292 lachrymas3

53 3305 130 3353 niues
162 3299 349 3351 w-her-lather’s
367 3300 452 3367 palma.
496 3300 548 3348 Nor
558 3299 776 3351 dos-she-resnsin
828 3304 956 3363 her-team

53 3412 100 3482 et,
131 3399 157 3465 si
186 3399 281 3465 modo
310 3399 405 3464 verba
435 3408 620 3486 sequantur,
679 3408 747 3465 oret
851 3422 956 3487 opem,

51 3500 111 3557 and,
134 3499 154 3546 il
196 3498 252 3562 only
319 3497 395 3546 words
426 3496 604 3554 would-ronow,
625 3497 957 3563 she-wouldbegassistauce,
1027 3564 1031 3569 ι

467 3573 528 3636 1²3
