2280 4004
10 2102 15 2185 l

10 3118 21 3585 l

10 3590 29 3845 μ,

335 253 583 302 uernuoarn.
631 252 701 299 nir.
726 253 749 298 1.
1001 218 1049 298 83¹

41 424 152 489 Altera
166 445 239 512 pars
257 421 346 502 vivit,
361 421 451 487 rudis
465 429 514 486 est
528 441 602 508 pars
617 420 716 485 altera
731 420 835 485 tellus.

44 534 175 623 Quippe
188 533 244 599 ubi
259 533 441 620 temperiem
456 531 597 597 sumsere
612 532 787 618 humorque
802 532 960 621 calorque,
1001 533 1004 538 ’

46 643 242 731 Concipiunt
250 669 258 725 ;
282 653 315 708 et
329 644 371 709 ab
386 643 436 707 his
451 641 595 707 oriuntur
610 649 726 707 cuncta
740 641 888 706 duobus:
983 642 1045 707 431

47 754 196 842 Cquue
211 755 256 820 sit
269 753 353 843 iguis
367 777 461 841 aquae
476 774 619 840 pugnax,
634 774 732 839 vapor
746 752 899 818 humidus
914 774 1023 818 omnes

50 865 115 930 Res
130 875 234 946 creat3
257 875 291 930 et
305 864 426 930 discors
440 864 611 932 concordia
624 864 757 930 foetibus
770 875 849 954 apta
861 875 918 932 est

50 976 138 1064 Ergo
153 975 208 1041 ubi
223 976 345 1042 diluvio
359 978 454 1042 tellus
469 976 629 1041 lutulenta
641 977 761 1042 recenti

52 1087 181 1152 Solibus
196 1087 341 1152 aethereis
356 1088 486 1174 altoque
501 1086 668 1153 recanduit
681 1097 776 1163 aestu,
989 1080 1053 1156 43'5

53 1198 167 1263 Edidit
180 1198 362 1263 innumeras
376 1199 516 1285 species3
539 1199 718 1285 partimque
731 1200 849 1285 figuras

56 1308 211 1372 Reddidit
224 1311 394 1394 antiquas,
416 1308 530 1395 partim
545 1330 629 1374 nova
644 1316 783 1373 monstra
797 1309 925 1374 creivit.

56 1419 118 1485 Illa
132 1419 261 1506 quidem
276 1419 393 1499 nollet3
415 1419 471 1484 sed
486 1427 518 1482 te
531 1407 670 1512 quoque,
685 1417 825 1484 maxime
840 1420 981 1507 Python,

55 1531 138 1594 Tum
154 1530 283 1616 genuit;
307 1528 495 1616 populisque
509 1528 611 1608 novis,
625 1528 942 1617 incognite'serpeus,

57 1641 167 1705 Terror
180 1662 268 1705 eras:
290 1649 417 1706 tanturn
436 1639 532 1727 spatii
546 1641 586 1704 de
600 1648 708 1705 monte
722 1641 866 1706 tenebas.
995 1646 1062 1712 440

59 1753 157 1817 Hunc
174 1752 264 1816 Deus
279 1751 469 1824 arcitenens,
482 1760 515 1815 et
528 1772 695 1837 nunquam
709 1751 828 1816 talibus
842 1753 939 1817 armis

59 1859 156 1940 And,
171 1859 232 1923 nisi
246 1861 279 1923 in
294 1860 398 1924 damis
412 1859 597 1946 capreisque
609 1859 789 1946 fugacibus,
802 1880 890 1940 usus,
952 1916 957 1923 ,
1028 1841 1032 1850 ⁴

63 1971 157 2035 Mille
172 1969 399 2058 gravemstelis,
414 1968 572 2034 exhausti
587 1967 681 2056 poene
696 1971 858 2057 pharetrb,

63 2081 220 2156 Perdidit,
233 2080 282 2146 eff
282 2087 338 2146 [rso
352 2103 407 2168 per
422 2084 551 2147 vulnera
564 2082 656 2169 nigra
670 2087 801 2149 veneno.
839 2132 849 2145 .

64 2193 155 2259 Neve
169 2192 272 2281 operis
287 2193 405 2258 famam
419 2202 527 2279 posset
538 2191 645 2257 delere
658 2184 811 2266 vetustas,
999 2195 1066 2262 445

67 2302 214 2371 Instituit
227 2324 332 2368 sacros
346 2301 461 2367 celebri
475 2300 647 2366 certamine
660 2300 765 2380 ludos,
1030 2309 1035 2319 '

68 2414 189 2503 Pythia
203 2415 243 2479 de
258 2413 370 2480 domiti
385 2411 540 2498 serpentis
553 2411 681 2476 nomine
695 2411 809 2476 dictos.

69 2527 130 2592 His
140 2528 297 2613 juvenum
313 2523 500 2612 quicunque
515 2543 623 2596 manu,
637 2522 848 2609 pedibusque,
861 2523 983 2604 rotdve,

68 2639 212 2716 Vicerat,
225 2637 359 2701 esculeae
372 2634 522 2720 capiebat
534 2631 655 2697 frondis
668 2632 830 2698 honorem.

71 2748 227 2815 Nondum
239 2747 349 2810 laurus
363 2753 449 2824 erat;
470 2744 631 2830 longoque
645 2743 792 2809 decentia
804 2742 892 2809 crine
908 2754 911 2759 ’
1006 2749 1072 2815 450

70 2859 228 2946 Tempora
242 2855 392 2943 cingebat
405 2855 448 2920 de
462 2854 608 2942 qualibet
621 2855 730 2921 arbore
744 2854 899 2922 Phoebus.
