2280 4004
99 250 144 313 94
418 270 448 314 r.
472 269 593 316 ovrnrr
619 268 777 313 uesours

99 421 230 508 Excipit
243 422 313 501 hos,
328 422 525 509 volucrisque
540 444 607 486 suae
622 418 773 485 Saturnis
785 418 897 505 pennis

101 532 247 598 Collocut
255 556 264 612 3
287 541 320 596 et
328 531 467 619 ,gemmis
481 531 617 597 caudam
634 529 837 597 stellantibus
850 527 976 616 implet.

508 854 519 879 “
550 883 643 948 xiv.

100 1078 393 1166 Protinus¹exersit,
408 1086 472 1156 nieo'
483 1088 630 1176 temqioiu‘
639 1084 768 1154 ‹fistultt'
778 1089 851 1167 irte3

100 1197 355 1285 Horriferamque
370 1200 470 1265 oeulis
485 1199 655 1286 animoque
670 1198 791 1285 objecit
804 1196 952 1283 Erinnyn
1029 1198 1092 1261 725

101 1304 228 1369 Pellicis
243 1307 411 1393 Argolicus,
427 1308 637 1393 stimulosque
652 1306 684 1371 in
701 1316 832 1393 pectora
846 1327 950 1371 cecos

18 1458 23 1469 .
100 1411 267 1492 Condidit,
282 1423 314 1478 et
328 1416 494 1501 profugam
509 1437 564 1503 per
580 1425 684 1479 totum
699 1415 810 1480 terruit
824 1417 941 1482 orbem.

100 1520 240 1586 Ultimus
254 1522 407 1588 immenso
422 1527 573 1603 restibus,
586 1524 670 1603 Nile,
686 1525 803 1589 labori:

101 1632 206 1708 Quem
222 1633 315 1697 simul
331 1656 368 1698 ee
383 1635 499 1721 tetigit,
515 1635 689 1722 positisque
704 1635 738 1698 in
752 1633 893 1720 margine
908 1632 988 1718 ripae

99 1741 277 1807 Procubuit
292 1742 437 1828 genibus,
452 1746 667 1829 resupinoque
681 1744 781 1807 ardua
794 1742 885 1837 collo,
1033 1740 1099 1805 730

99 1852 190 1926 Quos
205 1854 321 1939 potuit,
337 1855 420 1918 solos
435 1854 548 1919 tollens
564 1853 605 1917 ud
620 1853 723 1918 sidera
737 1853 874 1925 vultus,

99 1961 144 2026 Et
159 1963 290 2050 gemitu,
306 1975 338 2029 et
352 1964 533 2051 lachrymis,
549 1974 582 2028 et
595 1964 753 2030 luctisono
766 1964 907 2049 mugitu,
1011 1993 1013 1998 ·

101 2070 186 2136 Cum
200 2072 278 2137 Jove
290 2071 360 2136 visa
373 2073 462 2158 queri
477 2082 537 2151 est,
552 2073 710 2158 finemque
726 2077 811 2138 orire
826 2073 993 2136 mulorum.

101 2182 260 2269 conjugis
272 2183 325 2249 ille
342 2207 409 2249 suae
424 2184 607 2270 complexus
622 2185 704 2248 oolla
718 2183 856 2258 lacertis,

99 2291 206 2358 Finiat
220 2303 258 2357 ut
272 2295 541 2381 peenas-tandem,
556 2303 668 2380 rogat3
690 2293 787 2380 inque
802 2293 944 2357 futurum
1033 2293 1095 2358 735

101 2402 189 2468 Pone
204 2414 317 2479 metus,
332 2404 448 2490 iuquit,
462 2426 626 2490 nunquam
642 2404 700 2467 tibi
715 2425 813 2468 eausa
827 2401 942 2467 doloris

101 2511 182 2577 Hunc
198 2513 278 2592 erit3
300 2523 332 2577 et
348 2512 478 2600 Stygias
489 2516 584 2601 jubet
597 2514 658 2580 hoo
673 2515 783 2579 audite
798 2512 941 2599 pallidos.

101 2620 147 2685 Ut
161 2623 262 2686 lenita
276 2622 336 2686 dea
351 2632 410 2703 est,
425 2625 532 2688 vultus
546 2624 633 2710 cupit
647 2623 702 2688 illa
716 2623 854 2709 priores3

100 2729 215 2819 Fitque
231 2733 317 2818 quod
331 2730 407 2797 aute
423 2732 502 2797 fuit:
526 2732 657 2818 fugiunt
670 2730 689 2794 ὲ
703 2753 831 2818 corpore
845 2739 942 2795 setaer

100 2839 229 2904 Cornua
243 2841 448 2905 decrescunt:
471 2842 509 2905 fit
523 2839 651 2905 luminis
666 2840 781 2905 arctior
795 2838 897 2905 orbis:
1031 2843 1094 2904 740

99 2948 307 3014 Contrahitur
320 2948 437 3014 rietus:
461 2949 593 3013 redeunt
607 2948 805 3035 humerique,
821 2971 1000 3037 munusque
1013 2977 1022 3030 3
1080 2992 1089 3001 -
1132 2928 1138 2935 ι

101 3055 294 3145 Ungulaque
309 3056 342 3120 in
358 3056 472 3144 quinos
487 3056 609 3142 dilapsa
624 3057 800 3122 absumitur
814 3080 949 3145 ungues.

99 3167 150 3231 De
165 3168 246 3231 bove
261 3167 306 3231 nil
321 3176 476 3253 superest,
491 3167 600 3232 formae
616 3165 678 3232 nisi
692 3167 820 3246 candor,
835 3167 869 3231 iu
883 3165 960 3231 ills:

100 3276 280 3362 Officioque
296 3277 413 3362 pedum
428 3276 735 3362 nymphdeontenta
749 3278 884 3342 duorum

97 3385 260 3474 Erigitur;
283 3387 460 3473 metuitque
474 3387 573 3472 loqui,
588 3408 628 3450 ne
643 3407 727 3451 more
737 3388 888 3473 juveneae
1029 3393 1094 3456 745
1123 3386 1128 3399 '

100 3496 249 3587 Mugiut:
273 3509 306 3564 et
320 3495 432 3563 timide
446 3499 541 3563 verba
555 3497 735 3563 intermissu
749 3509 896 3565 retentet.

61 3716 115 3760 h.
