2280 4004
94 229 137 295 88
412 254 442 298 r.
466 255 587 300 ovrnrr
611 257 772 304 ussurus

93 397 143 463 Tu
157 420 285 486 quoque
299 410 468 488 perpetuos
482 425 605 491 semper
619 428 693 492 gere
707 407 827 472 frondis
841 410 988 474 hondres.
1033 411 1095 477 666

95 507 238 576 Finierat
254 511 375 576 Paean:
398 513 493 578 factis
504 515 602 580 modd
616 517 723 582 laurea
737 518 833 582 ramis
988 502 993 513 ⁴

95 620 238 702 Annuit3
261 631 361 710 utque
375 634 483 711 eaput,
498 625 566 690 visa
579 638 630 692 est
643 628 783 714 agitdsse
798 642 961 695 cacumen.

579 893 622 957 X.

142 1061 203 1124 Est
217 1083 332 1127 nemus
346 1062 517 1143 AEmoniae,
532 1074 694 1151 praerupta
708 1066 795 1151 quod
810 1067 954 1152 undique
970 1069 1094 1135 chudit

99 1171 218 1257 Sylva3
243 1183 360 1238 vocant
373 1174 504 1260 Tempe,
518 1196 573 1261 per
585 1198 659 1261 quae
676 1177 804 1240 Peneus
819 1179 861 1242 ab
876 1178 943 1244 imo

19 1293 21 1304 '
101 1281 233 1347 Effirsus
250 1283 355 1349 Pindo
371 1286 530 1372 spumdsis
545 1287 683 1351 volvitur
697 1287 793 1351 undis
806 1310 815 1366 ;
1039 1291 1101 1354 570

102 1396 301 1483 Dejectirque
316 1397 404 1482 gravi
420 1407 533 1462 tenues
547 1397 706 1483 agitantia
720 1398 827 1461 fumos

101 1506 221 1571 Nubila
236 1507 396 1587 conducit,
412 1530 617 1594 summasque
632 1508 800 1595 aspergine
814 1507 910 1572 silvas

100 1618 243 1704 Impluit,
260 1628 293 1683 et
308 1618 414 1684 sonitu
429 1618 502 1706 plhs
516 1616 614 1704 qudm
629 1618 737 1683 vic-ina
751 1619 880 1704 fatIgst.

100 1731 179 1793 Haec
194 1730 320 1802 domus,
335 1729 386 1792 hae
401 1730 503 1808 sedes,
517 1728 590 1794 haec
606 1739 683 1793 sunt
697 1730 873 1816 penetralis
887 1730 998 1817 magni

99 1840 235 1904 Amnis:
258 1840 293 1904 in
308 1840 368 1904 hoc
384 1840 524 1904 residens
539 1840 626 1905 laeto
641 1840 681 1905 de
694 1841 843 1906 cautibus
857 1848 963 1917 antro,
1038 1842 1098 1906 575

102 1951 207 2034 llndis
218 1953 293 2038 jura
308 1951 418 2031 dabat,
434 1950 660 2037 Nymphisque
674 1952 855 2017 colentibus
869 1951 983 2016 undas.
1101 1958 1104 1963 '

103 2063 306 2128 Conveniunt
320 2063 395 2126 illue
410 2061 576 2149 popularia
591 2062 726 2126 flumina
740 2062 888 2148 primum,

103 2174 219 2239 Nescia
234 2183 408 2260 gratentur,
424 2173 667 2238 consolenturne
681 2181 855 2258 parentem,

102 2285 265 2372 Populifer
281 2283 469 2371 Spercheos,
483 2294 517 2348 et
530 2281 721 2370 irrequietus
736 2267 895 2371 Enipeus,

102 2398 333 2485 Apidanusque
348 2417 456 2475 senex,
470 2395 614 2481 lenisque
629 2395 840 2481 Amphrysos,
854 2403 887 2460 et
901 2393 982 2461 AEas
996 2417 1004 2459 τ
1038 2395 1099 2461 580

105 2510 250 2594 Moxque
267 2528 375 2573 amnes
389 2506 454 2585 alii,
468 2505 535 2591 qui,
550 2503 618 2591 qud
633 2505 707 2569 tulit
722 2505 862 2592 impetus
878 2506 960 2586 illos,

104 2622 142 2686 ln
158 2642 242 2684 mare
257 2619 420 2683 deducunt
434 2617 534 2682 fessas
551 2615 707 2682 erroribus
722 2616 835 2680 undas.

106 2733 246 2798 Inachus
261 2752 345 2795 unus
360 2729 471 2808 abest;
494 2727 622 2814 imoque
638 2726 821 2792 reconditus
836 2736 928 2792 antro

103 2843 247 2908 Fletibus
263 2851 360 2927 auget
374 2861 485 2926 aquas,
499 2848 673 2924 natamque
687 2836 878 2902 miserrimus
894 2835 932 2900 ld

103 2958 215 3043 Luget,
231 2964 269 3019 ut
281 2954 451 3018 amissam:
475 2949 577 3016 nescit
591 2947 701 3013 vitane
715 2948 848 3026 fruatur,
1036 2947 1095 3015 585

106 3071 158 3133 An
168 3067 217 3131 sit
231 3065 317 3151 apud
334 3084 461 3140 manes;
483 3061 538 3125 sed
555 3081 654 3146 quam
667 3079 732 3123 non
747 3058 870 3123 invenit
885 3079 1034 3143 usquam,

103 3180 185 3244 Esse
201 3184 293 3264 putat
307 3194 478 3261 nusquam,
493 3180 590 3257 atque
605 3169 712 3235 animo
726 3170 835 3255 pejora
850 3172 983 3234 veretur.

105 3291 239 3354 Viderat
254 3286 274 3350 ὲ
290 3285 391 3373 patrio
405 3285 591 3350 redeuntem
606 3280 733 3366 Jupiter
747 3279 836 3345 illam

106 3400 270 3466 Flumine:
293 3405 336 3475 et,
352 3393 382 3457 O
399 3393 488 3480 virgo
501 3393 580 3458 Jove
594 3391 703 3478 digna,
719 3395 838 3476 tudque
853 3390 985 3455 beritum

107 3509 224 3578 Nescio
239 3527 335 3597 quem
350 3504 473 3569 factura
488 3511 565 3580 toro,
581 3509 666 3590 pete,
680 3499 816 3572 dixerat,
830 3499 960 3563 umbras
1041 3499 1103 3566 590
