2280 4004
86 242 127 306 74
411 267 441 311 r.
466 264 586 309 ovrnrr
612 263 772 331 nasonis

89 427 295 495 Perdendum
308 432 441 496 mortale
456 453 577 518 genus:
602 453 657 518 per
673 429 808 494 flumina
818 430 892 516 juro

90 535 208 619 msera,
223 541 284 604 sub
300 550 398 604 terras
413 540 527 627 Stygio
542 541 683 604 labantia
696 540 778 604 luco.

90 646 218 714 Cuncta
232 650 322 738 prids
337 656 483 715 tentata:
506 653 561 716 sed
576 650 807 716 immedicabile
822 649 941 713 vulnus

91 755 177 823 Ense
192 759 408 838 recidendum,
421 783 462 825 ne
474 784 546 847 pars
561 760 684 825 sincera
696 761 851 824 trahatur.

91 868 178 934 Sunt
192 870 271 934 mihi
288 870 438 951 Semidei,
454 881 530 936 sunt
544 870 663 935 rustica
677 871 811 935 numina
828 865 942 946 Fauni,

94 978 140 1044 Et
154 978 327 1067 Nymphae,
344 981 528 1068 Satyrique,
543 989 575 1045 et
589 980 771 1045 montisolae
788 975 919 1064 Sylvani
934 970 952 1039 τ’
1025 1038 1028 1042 ,

95 1088 188 1164 Quos
204 1090 357 1177 quoniam
372 1091 446 1156 coeli
460 1092 603 1156 nondum
618 1090 787 1176 dignamur
802 1088 931 1166 honore,

96 1197 187 1273 Quas
202 1199 361 1275 dedimus,
376 1197 461 1265 certe
476 1211 573 1265 terras
588 1200 730 1265 habitare
745 1200 897 1263 sinamus.

96 1309 149 1373 An
165 1308 255 1391 satis,
271 1311 291 1376 ὸ
307 1311 432 1399 Superi,
448 1323 537 1378 tutos
553 1313 617 1378 fore
631 1312 762 1378 creditis
776 1312 860 1389 illos,

98 1419 184 1486 Cirm
197 1421 288 1503 mihi,
303 1423 358 1510 qui
374 1423 505 1503 fulmen,
521 1424 576 1511 qui
592 1447 649 1490 vos
664 1424 845 1509 habeoque,
860 1426 1014 1509 rogoque,

100 1530 257 1596 Struxerit
271 1530 403 1596 insidias
418 1542 514 1597 notus
530 1532 655 1599 feritate
671 1533 826 1620 Lycaon?
915 1618 917 1620 v

68 1662 75 1671 ¹
100 1641 330 1707 Confremuere
344 1663 471 1720 omnes;
497 1642 675 1729 studiisque
689 1641 875 1707 ardentibus
889 1661 1014 1704 ausum·

99 1751 192 1817 Talia
205 1754 393 1840 deposcunt.
439 1751 587 1817 Sicorim
601 1775 715 1817 manus
730 1753 830 1839 impia
843 1750 935 1816 saevit
1038 1751 1102 1816 200

101 1864 267 1953 Sanguine
283 1863 432 1955 Oaesareo
447 1863 631 1928 Romanum
644 1865 832 1951 extinguere
847 1883 981 1942 nomem

101 1974 287 2041 Attonitum
302 1984 395 2040 tants
407 1975 525 2042 subit&
537 1979 651 2039 terrore
666 1977 769 2038 ruinae

107 2084 294 2155 Humnnum
310 2106 413 2171 genus
429 2094 490 2164 est,
505 2095 656 2172 totusque
672 2083 850 2172 perhorruit
864 2081 959 2148 orbis.

107 2194 177 2259 Nec
193 2193 250 2257 tibi
266 2202 356 2281 grata
371 2192 477 2257 minds
494 2193 607 2280 pietas,
622 2195 779 2281 Auguste,
794 2197 934 2267 tudrum,

108 2302 217 2381 Quam
232 2303 295 2368 suit
309 2303 364 2368 illa
378 2303 461 2368 Jovi.
506 2303 572 2378 Qui
588 2313 759 2391 postquam
774 2325 850 2369 voce
865 2307 1030 2389 mansique
1043 2303 1108 2370 205

108 2414 277 2479 Murmura
291 2414 493 2500 compressit3
516 2416 648 2479 tenuere
663 2413 790 2478 silentia
803 2413 921 2478 cuncti.

109 2523 262 2590 Substitit
276 2533 313 2587 ut
328 2523 445 2588 clamor
460 2545 586 2609 pressus
601 2524 756 2610 gravitate
772 2522 922 2609 regentis,

109 2632 235 2719 Jupiter
249 2632 310 2696 hoo
324 2631 439 2696 iterum
455 2635 598 2696 sermone
614 2632 740 2696 silentia
754 2631 891 2719 rumpit:
936 2626 939 2632 ’
1014 2660 1018 2668 ·

113 2742 171 2808 Ille
186 2741 318 2829 quidem
333 2763 444 2828 poenas
460 2745 587 2822 (curam
601 2741 769 2819 dimittite)
785 2743 900 2809 solvit:
978 2778 985 2791 ·

114 2852 209 2929 Quod
226 2861 333 2915 tamen
348 2850 536 2931 admissum,
551 2874 624 2938 quae
639 2851 682 2916 sit
696 2852 850 2931 vindicta,
865 2852 997 2917 docebo.
1051 2855 1116 2920 210

116 2960 303 3048 Contigerat
317 2969 441 3026 nostras
456 2959 587 3024 infamia
601 2960 751 3047 temporis
766 2983 857 3025 aures
869 2986 877 3041 3

117 3073 225 3148 Quam
240 3070 371 3158 cupiens
387 3071 502 3135 falsam
516 3093 640 3135 summo
655 3070 784 3135 delabor
799 3069 950 3157 Olympo,

118 3184 163 3251 Et
178 3183 269 3247 Deus
284 3180 427 3246 humana
443 3181 544 3244 lustro
560 3180 621 3244 sub
636 3179 774 3268 imagine
789 3191 896 3244 terras.

121 3295 231 3380 Longa
245 3313 333 3355 mora
347 3300 406 3371 est,
420 3300 577 3377 qnantum
593 3313 684 3355 noxae
700 3291 743 3354 sit
757 3291 876 3377 ubique
891 3301 1063 3379 repertum,

120 3404 312 3470 Enumerare
327 3423 335 3462 τ
357 3399 459 3465 minor
473 3400 536 3464 fuit
550 3400 622 3488 ipsa
635 3400 768 3465 infamia
784 3421 865 3464 vero.
1057 3401 1124 3467 216

121 3512 264 3578 Maenala
279 3508 465 3576 transieram
479 3509 610 3576 latebris
625 3509 780 3575 horrenda
794 3512 943 3586 ferirum,
1049 3504 1055 3511 ⁴
