2280 4004
355 262 603 309 nasamones.
650 260 719 304 nun.
746 260 768 303 r.
1018 236 1058 298 87

63 410 188 498 Sperat,
203 424 238 479 et
251 423 380 479 extento
395 413 523 501 stringit
538 411 673 498 vestigia
687 419 805 475 rostro:

58 522 150 586 Alter
165 522 197 586 in
217 524 366 612 ambiguo
380 534 440 599 est,
455 546 497 588 an
514 523 557 586 sit
571 521 760 607 deprensus,
775 516 899 604 stipsis

62 629 225 696 Morsibus
240 633 391 720 eripitur;
414 631 643 718 tangentiaque
658 651 712 693 ora
726 626 895 714 relinquit:

61 737 118 802 Sic
133 739 223 820 deus,
238 750 270 804 et
284 741 373 827 virgo
387 750 452 805 est:
476 740 529 804 lric
545 761 601 826 spe
617 740 708 815 celer,
723 738 778 801 illa
793 736 913 800 timbre.

62 844 129 918 Qui
145 856 251 911 omen
266 848 453 934 insequitur,
469 849 582 935 pennis
597 849 728 936 adjutus
743 845 871 918 amoris,
994 843 1058 908 540

63 954 162 1020 Ocior
188 968 235 1038 st,
250 958 454 1046 requiemque
469 969 567 1043 negat
580 984 589 1039 ;
612 963 765 1045 tergoque
779 955 889 1043 fugeici

61 1045 221 1148 Immruet,
237 1078 271 1133 et
284 1069 403 1133 crinem
419 1091 566 1156 sparsum
582 1068 757 1134 cervicibus
773 1068 871 1132 afflat.

60 1175 191 1242 Viribus
206 1179 385 1266 absumptis
400 1178 553 1265 expalluit
567 1178 642 1257 illa;
666 1178 802 1264 eitoeque

61 1287 159 1352 Victa
173 1289 279 1353 labore
294 1289 391 1375 fugae,
406 1298 555 1375 spectans
572 1288 731 1353 Peneidas
747 1289 861 1363 undas,
999 1287 1062 1350 544

62 1397 133 1471 Fer,
148 1408 247 1484 pater,
261 1399 376 1485 inquit,
392 1421 497 1485 opem,
512 1399 539 1462 si
553 1398 688 1463 flumina
703 1420 821 1463 numen
836 1398 973 1464 bebetis.

62 1507 154 1592 [Qus
169 1507 303 1572 nimium
317 1509 435 1596 placui,
451 1510 555 1588 tellus,
571 1518 628 1573 aut
642 1509 752 1588 hisce3
775 1511 823 1574 vel
838 1510 945 1590 istam,

63 1620 146 1694 Quae
160 1619 239 1684 facit
252 1629 290 1683 ut
303 1620 414 1696 laedar,
428 1621 584 1685 mutando
598 1621 696 1707 perde
711 1621 874 1707 figuram]

62 1729 127 1793 Vix
143 1751 234 1816 prece
249 1730 355 1807 finiet,
371 1742 477 1819 torpor
492 1732 599 1819 gravis
614 1731 726 1818 alligat
741 1742 828 1796 artus
843 1757 849 1794 :

10 1850 14 1929 ξ
62 1841 176 1906 Mollia
191 1842 364 1929 cinguntur
377 1843 467 1906 tenui
482 1842 655 1928 praecordia
668 1842 749 1906 libro
765 1865 772 1904 :

63 1955 102 2016 In
117 1952 260 2018 frondem
275 1952 391 2026 crines,
404 1951 439 2015 in
453 1972 556 2016 ramos
570 1951 703 2017 brachia
717 1961 882 2017 crescunt:
997 1953 1061 2016 too

62 2062 127 2126 Pes
141 2062 237 2128 modo
252 2073 318 2127 tem
334 2063 425 2128 velox
439 2063 538 2151 pigris
552 2063 713 2128 radicibus
729 2063 849 2128 baeret:

10 2182 12 2187 '
61 2172 129 2238 Ora
143 2179 294 2239 cacumen
309 2173 396 2240 obit:
419 2181 560 2239 remanet
574 2173 658 2239 nitor
671 2196 756 2238 unus
771 2174 805 2237 in
820 2172 884 2237 illd.

61 2285 155 2349 Hanc
169 2306 297 2371 quoque
308 2285 452 2350 Phoebus
466 2294 568 2365 amat3
584 2283 753 2371 positique
765 2285 798 2348 in
811 2283 919 2371 stipite
934 2283 1059 2360 dextre,

61 2393 168 2459 Sentit
181 2395 287 2459 adbuc
302 2394 457 2482 trepidere
471 2417 553 2460 novo
568 2397 630 2461 sub
645 2395 759 2461 cortice
774 2404 907 2482 pectus:

61 2505 320 2592 complexusque
333 2505 399 2570 suis
414 2527 528 2582 ramos,
545 2515 584 2571 ut
597 2506 749 2585 membra,
763 2506 899 2586 lacertis,
996 2508 1059 2570 565

60 2615 182 2680 Oscula
196 2616 253 2680 dat
266 2616 365 2702 ligno,
379 2616 497 2704 refugit
511 2627 617 2681 temen
634 2618 742 2683 oscula
756 2618 889 2704 lignum.

59 2725 121 2789 Cui
137 2726 227 2806 deus,
240 2727 286 2790 At
300 2728 420 2814 conjux
434 2727 584 2814 quoniam
599 2749 671 2792 mea
684 2749 747 2792 non
763 2745 853 2814 potes
867 2750 948 2802 esse,

56 2839 159 2902 Arbor
173 2837 234 2902 eris
249 2835 345 2916 certe,
360 2837 453 2917 dixit,
469 2859 558 2902 mea:
582 2859 705 2925 semper
716 2838 884 2904 habebunt

54 2947 99 3013 Te
114 2969 215 3022 coma,
230 2957 262 3012 te
277 2948 419 3028 citharae,
434 2957 466 3012 te
480 2957 605 3029 nostres,
621 2951 720 3024 laute,
736 2950 901 3036 pharetras.

53 3058 104 3123 Tu
120 3057 257 3122 ducibus
273 3058 372 3122 Latiis
386 3058 502 3139 aderis,
518 3058 592 3124 edm
606 3060 681 3125 laeta
696 3059 895 3147 triumphum
988 3062 1052 3128 560

52 3169 127 3234 Vox
142 3177 255 3233 canet:
278 3177 310 3232 et
324 3168 429 3255 longae
442 3170 549 3234 visent
563 3169 723 3256 Capitolia
737 3192 872 3259 pompae.

51 3279 205 3346 Postibus
220 3277 376 3366 Augustis
391 3279 503 3343 eadem
517 3280 672 3345 fidissima
687 3291 798 3345 custos

48 3394 136 3459 Ante
151 3389 232 3454 fores
246 3389 365 3469 stabis3
387 3390 588 3475 mediamque
604 3392 731 3456 tuebere
747 3415 908 3479 quercum.

13 3560 25 3593 λ
48 3501 162 3588 thue
177 3522 286 3565 meum
299 3500 437 3566 intonsis
453 3509 553 3587 caput
568 3511 619 3566 est
628 3504 772 3589 juvenile
786 3503 922 3591 capillis,

10 3606 18 3739 q
516 3632 528 3674 r
544 3613 565 3675 2
