2280 4004
79 251 122 319 82
381 274 427 318 .r.
450 273 572 319 orrurr
597 270 768 319 resours.

81 436 156 503 Nou
171 447 286 503 exacta
302 437 392 518 satis,
405 439 603 528 rudibusque
617 438 778 504 simillime
792 437 904 526 signis.

82 545 166 620 Quae
182 557 290 612 tamen
305 569 345 612 ex
359 547 423 612 illis
438 546 545 634 ulique
559 569 635 636 pars
648 547 782 613 humida
796 551 907 627 succo,

85 655 131 722 Et
144 661 278 738 terrena,
292 656 365 738 suit,
380 680 471 725 versa
485 659 583 723 estin
597 658 736 745 eorporis
750 679 866 723 usum:

86 766 183 844 Quod
199 767 338 834 solidum
352 779 412 849 est,
428 771 579 857 flectique
594 770 718 857 nequit,
735 774 878 834 mutr'rtur
891 768 927 834 in
941 791 1034 836 osse:

88 876 184 953 Quod
199 879 295 945 modd
311 901 392 945 vena
407 879 480 959 fuit,
495 881 557 945 sub
571 881 682 944 eedem
698 880 825 945 numine
839 879 967 946 mansit.
1029 879 1092 943 410

88 987 190 1077 Inque
204 989 293 1054 brevi
308 991 422 1077 spatio,
437 995 620 1076 superirrum
634 1010 775 1070 munere,
789 985 868 1055 sexa
1137 984 1138 988 ¹

89 1099 194 1166 Missa
208 1099 265 1165 viri
280 1101 429 1165 manibus
445 1100 559 1165 faeiem
575 1103 700 1166 traxere
714 1100 860 1180 virilem3

89 1208 135 1281 Et
148 1212 188 1277 de
203 1209 353 1276 foemiueo
367 1215 514 1297 reperite
527 1220 578 1275 est
592 1211 724 1276 foemina
734 1213 837 1299 jactu.

88 1319 169 1385 Inde
184 1343 285 1408 genus
299 1321 416 1385 durum
432 1342 555 1400 sumus,
569 1318 795 1408 experiensque
808 1321 974 1402 lebdrum3

91 1429 135 1496 Et
149 1431 343 1498 documenta
355 1432 481 1511 demus,
494 1429 564 1518 qud
578 1431 677 1496 simus
692 1432 812 1520 origine
827 1431 905 1497 nati.
1032 1434 1097 1498 415

548 1827 644 1895 VIII.

95 2094 221 2164 casura
234 2098 367 2158 diversis
379 2099 476 2161 tellus
488 2098 639 2164 animalia
653 2097 763 2164 formis

96 2202 217 2291 Sponte
234 2202 295 2269 sud
309 2204 444 2293 peperit,
460 2212 631 2291 postquam
646 2212 739 2267 vetus
753 2201 867 2267 humor
882 2201 924 2267 ab
939 2200 1016 2290 igne
1043 2212 1048 2219 “

98 2313 261 2381 Perceluit
276 2315 363 2395 solis,
378 2336 569 2401 eoenumque
595 2314 732 2399 udaeque
747 2312 881 2400 paludes

100 2424 287 2492 Intumuere
302 2435 405 2490 estu:
427 2425 642 2512 foecundeque
657 2423 779 2488 semine
792 2442 896 2487 rerum

98 2534 212 2600 Vivisci
227 2540 349 2600 nutrIta
362 2537 441 2616 solo,
454 2556 515 2601 eeu
530 2535 641 2600 matris
655 2536 689 2600 in
704 2537 785 2613 alvo,
1042 2532 1106 2596 420

100 2646 287 2723 creverunt,
302 2646 480 2733 faciemque
494 2646 636 2733 aliquem
650 2645 763 2732 cepere
778 2644 940 2710 morundo.

100 2756 158 2823 Sie
173 2757 229 2822 ubi
244 2757 386 2822 deseruit
399 2757 545 2822 madidos
561 2757 769 2844 septemfluus
783 2775 878 2842 egros

102 2866 205 2946 Nilus,
221 2877 253 2932 et
267 2869 405 2954 antiquo
419 2889 479 2932 sua
493 2868 627 2933 flumina
640 2866 782 2933 reddidit
795 2867 896 2944 alveo,

103 2975 321 3065 AEtheredque
334 2998 443 3042 reeens
458 2979 574 3043 exarsit
589 2978 689 3043 sidere
703 2977 800 3040 limus
805 3002 814 3058 ς

103 3086 247 3153 Plurima
261 3091 398 3154 eultbres
414 3091 513 3156 versis
527 3090 679 3154 animalia
693 3087 795 3172 glebis
1044 3085 1104 3149 425

102 3196 285 3277 Inveniunt,
299 3208 333 3262 et
346 3200 380 3263 in
395 3199 446 3263 his
460 3201 610 3286 quaedam
625 3197 721 3264 modd
736 3205 843 3284 coepta
859 3196 920 3260 sub
934 3195 1041 3282 ipsum

104 3306 266 3374 Nascendi
282 3308 440 3394 spatium3
462 3311 612 3397 quaedem
627 3307 824 3395 imperfecta,
839 3306 972 3392 suisque

103 3418 231 3486 Trunca
245 3419 356 3488 vident
370 3420 540 3500 membris;
562 3432 595 3487 et
610 3422 722 3487 eudem
735 3417 770 3481 in
785 3436 913 3505 corpore
929 3412 1016 3502 saepd
