2258 4012
350 257 598 305 ΙΕΤΑΜΟΒΡΗ.
620 317 623 324 .
645 258 717 303 nm.
741 259 765 303 Ι.

535 636 592 701 1v.

61 955 66 961 Ι
102 864 281 951 Postquam
297 866 436 932 Saturno
450 870 617 934 tenebrosa
630 870 665 932 in
679 866 811 934 Tartara
825 871 935 952 misso,

59 973 129 1038 Sub
144 975 225 1040 Jove
239 979 379 1042 mundus
394 988 482 1059 erat3
505 977 669 1066 subiitque
684 989 833 1066 argentea
848 983 960 1068 proles,

59 1083 147 1148 Auro
162 1085 306 1167 deterior,
327 1087 414 1153 fulvo
429 1089 596 1175 pretiosior
610 1111 690 1170 sere3
995 1090 1055 1156 115

59 1192 185 1280 Jupiter
200 1195 326 1282 antiqui
340 1198 499 1261 contraxit
514 1207 655 1283 tempora
672 1197 763 1277 veris,

59 1303 186 1388 Perque
201 1304 341 1390 hyemes,
358 1314 518 1391 aestusque
527 1315 567 1370 'et
581 1307 756 1393 inaequales
771 1317 955 1389 autumnos,

60 1410 104 1485 Et
118 1411 213 1476 breve
228 1435 292 1492 ver,
309 1414 421 1500 spatiis
435 1414 544 1501 exigit
557 1426 696 1501 quatuor
710 1440 841 1482 annum.
985 1412 989 1419 ’

59 1518 143 1583 ¹'l'um
157 1521 296 1606 primdm
311 1523 402 1588 siccis
417 1523 471 1587 a'er
485 1524 660 1589 fervoribus
676 1534 767 1590 ustus

61 1630 227 1711 Canduit3
250 1642 283 1696 et
296 1633 401 1697 ventis
418 1635 536 1721 glacies
548 1635 677 1700 astricta
691 1638 855 1724 pependit.
1000 1636 1059 1703 120

59 1739 144 1805 'l'urn
159 1741 296 1827 primdm
311 1742 436 1808 subiere
451 1745 581 1809 domos:
605 1746 720 1810 domus
734 1757 827 1812 antra
841 1730 981 1826 fuerunt,

62 1849 106 1914 Et
120 1850 211 1915 densi
226 1851 366 1931 frutices²
386 1862 420 1916 et
433 1853 549 1917 rinctae
563 1854 678 1919 eortiee
693 1855 801 1942 virgae.

62 1959 194 2024 Semina
209 1969 278 2023 tum
294 1959 432 2046 primum
447 1961 549 2047 longis
565 1962 710 2027 Cerealia
724 1963 821 2028 sulcis

62 2070 190 2136 Obruta
205 2081 291 2146 sunt,
306 2077 470 2158 pressique
481 2074 563 2160 jugo
578 2076 727 2160 gemuere
738 2074 880 2160 juvenci.

62 2179 170 2246 Tertia
184 2191 257 2267 post
271 2181 342 2245 illes
357 2182 512 2246 successit
527 2182 649 2246 ahenea
663 2183 778 2267 proles,
1000 2181 1060 2246 125

63 2291 185 2356 Saevior
200 2290 347 2377 ingeniis,
363 2293 451 2355 etad
466 2291 594 2354 horrida
610 2290 783 2376 promptior
797 2311 907 2368 arma3

65 2399 96 2462 N
98 2420 134 2464 eo
150 2399 303 2462 scelerita
317 2408 434 2461 temen.
479 2398 532 2462 De
547 2397 627 2462 duro
642 2407 692 2462 est
706 2397 819 2463 ultima
834 2399 925 2463 ferro.

64 2508 218 2573 Protinus
233 2506 378 2593 irrumpit
394 2527 483 2570 venae
498 2505 615 2592 pejoris
631 2506 665 2570 in
680 2529 784 2573 oevum

66 2616 172 2680 Omne
188 2616 298 2680 nefas:
322 2614 434 2702 fugere
449 2615 562 2702 pudor,
577 2635 764 2701 verumque,
777 2614 922 2699 fidesque
934 2640 943 2694 ;

67 2729 107 2792 ln
119 2740 257 2814 'quorum
271 2725 394 2791 subiere
409 2725 517 2789 losum
531 2724 731 2809 fraudesque,
746 2725 880 2810 dolique
1002 2726 1064 2791 130

68 2831 273 2922 Insidiaeque,
288 2845 321 2899 et
335 2835 395 2914 vis,
409 2843 441 2898 et
456 2855 544 2898 amor
559 2836 732 2898 sceleratus
747 2833 897 2899 habendi.

67 2947 150 3015 Vela
164 2947 263 3010 dabat
277 2943 391 3022 ventis,
405 2965 465 3009 neo
480 2943 585 3007 adhuc
600 2944 681 3008 bene
697 2952 827 3008 noverat
841 2943 922 3016 illos,

69 3056 208 3134 Navita;
232 3075 369 3142 quaeque
384 3053 440 3116 diu
455 3061 610 3117 steterant
625 3052 658 3115 in
673 3053 836 3117 montibus
851 3052 935 3130 altis,

69 3164 236 3229 Fluctibus
251 3162 371 3250 ignotis
386 3161 579 3227 insultavere
593 3163 720 3223 carinae.

69 3277 346 3358 Communemque
362 3269 459 3357 prids,
475 3292 534 3334 ceu
549 3268 670 3332 lumina
684 3267 759 3332 solis
774 3276 806 3332 et
820 3290 927 3347 aures,
1003 3269 1065 3332 135

70 3386 197 3450 Cautus
213 3383 347 3446 humum
361 3382 456 3466 longo
471 3377 611 3466 signavit
624 3377 725 3440 limite
741 3398 874 3443 mensor.

70 3494 139 3560 Nec
155 3491 282 3557 tantdm
297 3498 418 3576 segetes
434 3487 647 3571 alimentaque
661 3485 770 3550 debite
784 3485 873 3551 dives
