2280 4004
376 264 623 315 unranourrr.
669 266 739 311 nra.
764 265 787 310 1.
813 268 824 286 ⁴·
1038 236 1077 303 dl

80 422 178 489 Victa
192 429 423 512 remollesount,
439 431 468 497 si
481 431 622 527 flectitur
636 431 683 496 ira
696 431 849 510 deorum3

81 533 156 610 Dio,
170 536 294 620 Themi,
309 541 376 629 qud
390 542 516 629 generis
528 544 682 631 damnum
696 540 868 629 reparabile
882 538 983 605 nostri

81 644 160 711 Arte
175 648 234 729 sit3
258 661 290 715 et
305 652 415 719 marsis
428 652 474 719 for
489 675 594 741 opem,
609 652 789 727 mitissima,
804 652 908 723 rebus,
1018 646 1083 714 380

82 755 178 823 Mota
191 758 252 825 dea
266 771 325 843 est,
341 773 523 852 sortemque
537 764 646 831 dedit:
671 762 837 831 Discedite
850 761 971 848 templo
981 758 995 840 ;'

81 865 127 930 Et
141 870 242 936 velate
257 883 357 960 caput
364 898 374 955 ;
396 873 583 962 oinotaoque
597 875 746 943 resolvite
759 883 887 954 vestem

80 977 230 1069 Ossaque
246 994 318 1070 post
332 994 459 1074 tergum
472 1009 599 1075 magnae
609 988 733 1074 jaotdte
747 982 904 1073 parentis..
1016 1044 1025 1051 ..

79 1088 286 1178 Obstupuere
299 1095 369 1176 diu,
383 1096 567 1184 rumpitque
580 1097 707 1163 silentia
719 1118 799 1163 voce

83 1199 207 1286 Pyrrha
220 1204 315 1290 prior,
325 1207 491 1294 jussisque
505 1208 577 1275 deae
592 1212 700 1294 parere
714 1215 858 1285 recusam
1019 1203 1086 1270 386

82 1311 211 1399 Detque
226 1316 288 1381 sibi
303 1317 429 1383 veniam
442 1319 561 1406 parido
574 1329 668 1408 rogat
681 1341 744 1396 ore,
761 1328 920 1406 pavetque

81 1423 210 1490 Laedere
220 1428 353 1513 jactetis
368 1439 527 1497 maternas
541 1431 667 1498 ossibus
684 1433 825 1497 umbrae.

79 1533 205 1611 interea
220 1548 371 1625 repetunt
384 1541 480 1606 oaeois
495 1543 630 1607 obscura
645 1543 776 1609 latebris

80 1643 188 1711 Verba
202 1648 287 1713 datae
302 1649 395 1715 sortia
410 1673 529 1732 seeum,
543 1653 628 1718 inter
642 1675 740 1740 seque
757 1652 910 1718 volr'rtant.

81 1755 162 1822 Inde
178 1758 401 1826 Promethides
417 1761 553 1849 placidis
568 1761 775 1850 Epimethida
789 1761 886 1827 dictis
1020 1759 1086 1825 390

81 1868 208 1934 Mulcet
216 1895 225 1950 ;
248 1882 292 1951 et,
307 1873 376 1936 Aut
389 1871 498 1946 fallax,
513 1872 570 1948 ait,
584 1881 635 1938 est
649 1871 777 1937 solertia
790 1871 893 1951 nobis,

70 1981 149 2057 ,alut
165 1980 219 2067 pia
233 1991 323 2056 sunt,
337 1981 524 2070 nullumque
539 1980 632 2046 nesae
644 1981 774 2045 oracula
787 1979 934 2045 suadent.

81 2090 206 2178 Magna
222 2113 336 2179 parens
351 2101 436 2159 terra
449 2102 517 2168 est:
540 2091 663 2182 lapideo
677 2090 712 2169 in
725 2111 854 2179 corporo
869 2100 970 2157 terrae-

80 2199 167 2266 Ossa
180 2219 248 2271 reor
263 2201 348 2267 dici:
366 2201 474 2288 jacere
487 2203 547 2268 hos
561 2209 635 2288 post
649 2209 738 2288 terga
747 2201 911 2288 jobimur.

80 2311 239 2398 Conjugis
254 2311 389 2398 augurio
402 2333 590 2399 quanquam
604 2310 732 2377 Titania
745 2322 834 2379 mota
847 2322 907 2392 eat,
1021 2312 1087 2379 395

81 2421 163 2509 Spes
178 2432 284 2486 tamen
300 2421 334 2487 in
347 2421 448 2493 dubio
463 2431 534 2502 est3
557 2421 638 2487 aded
654 2422 839 2488 ooelestibuo
851 2422 947 2489 ambo

80 2530 253 2602 Diffidunt
266 2531 412 2596 monitis:
434 2532 491 2597 sed
505 2531 585 2619 quid
600 2535 724 2597 tentare
739 2533 890 2611 nocebit?

81 2642 305 2721 Descendunt,
320 2643 492 2728 velantque
504 2650 613 2729 eaput,
627 2642 821 2734 tunicaeque
834 2641 1020 2729 re'oingunt3

80 2752 127 2817 Et
136 2754 245 2839 jussos
259 2752 383 2839 lapides
397 2773 456 2817 aua
470 2761 544 2839 post
557 2750 693 2839 vestigia
706 2752 859 2821 mittunt:
928 2758 931 2763 '

82 2861 169 2927 Saxa
183 2861 269 2949 (quis
284 2862 344 2926 hoo
359 2861 479 2940 erodat,
493 2859 555 2937 nisi
570 2860 614 2933 sit
629 2882 685 2948 pro
700 2869 782 2927 teste
796 2868 942 2928 vetustas
953 2863 989 2944 l).
1022 2863 1087 2930 400

80 2971 204 3037 Ponere
220 2972 369 3036 duritiem
383 2973 523 3058 ooepere,
534 2992 692 3057 suumque
706 2971 858 3059 rigorem

81 3082 273 3168 Mollirique
290 3079 389 3161 mord,
405 3081 595 3165 mollitaque
609 3079 725 3145 ducere
740 3080 884 3147 formam.

82 3192 175 3271 Mox,
191 3191 246 3255 ubi
261 3195 441 3271 creverunt,
455 3195 634 3276 naturaque
649 3189 756 3255 mitior
770 3190 834 3257 illis

80 3301 249 3389 Contigit5
272 3310 309 3367 ut
323 3300 486 3388 quaedam,
500 3299 545 3365 aio
560 3321 625 3365 non
639 3299 821 3380 manifesta,
836 3300 937 3367 videri

80 3412 195 3478 Forma
210 3421 317 3503 potest
331 3410 480 3487 hominis,
490 3411 547 3477 sed
563 3409 612 3475 uti
626 3410 666 3477 de
681 3433 836 3480 marmore
851 3421 970 3498 coepta,
1020 3412 1087 3477 405
