2280 4004
380 259 625 308 uarsuoarn.
666 254 738 305 ars.
755 253 777 305 t.
809 311 812 318 ,
874 306 877 313 ,

83 414 181 479 Nunc
195 417 255 482 dea
269 415 404 503 linigera
418 415 532 480 colitur
545 411 745 479 celeberrima
759 407 864 474 tnrbh.

82 525 169 591 Huic
186 525 341 612 Epaphus
356 526 464 611 magni
479 524 607 612 genitus
622 525 662 588 de
676 521 797 588 semine
810 518 942 583 tandem

81 633 233 700 Creditur
247 636 317 700 esse
331 635 430 714 Joris,
445 633 564 721 perque
579 634 673 697 urbes
682 633 799 718 juncta
812 625 939 713 parenti
987 628 989 633 ’

79 742 215 829 Templa
230 740 447 808 tenet-Fuit
457 741 532 807 huic
547 740 661 806 animis
676 738 808 825 aequalis
822 748 856 802 et
871 735 962 802 annis
1014 735 1079 801 750

81 849 157 915 Sole
172 861 260 916 satus
277 852 458 931 Phaethon,
473 872 569 937 quem
583 849 745 937 quondam
754 869 872 934 magna
882 847 1077 931 loquentem,

81 959 153 1022 Nec
168 959 227 1023 sibi
243 961 422 1034 cedentem,
438 959 627 1046 Phoeboque
642 966 772 1043 parente
787 957 969 1043 superbum,

80 1070 157 1133 Non
174 1070 247 1133 tulit
264 1070 433 1135 Inachides
446 1094 455 1148 ;
478 1069 651 1154 MatrIque,
664 1068 720 1146 ait,
736 1066 852 1146 omnia,
866 1066 1008 1147 demens,

81 1178 218 1257 Credis3
239 1189 272 1243 et
287 1202 322 1245 es
337 1180 480 1245 tumidus
495 1179 646 1266 genitoris
660 1177 799 1263 imagine
814 1176 896 1241 falsi.

80 1285 220 1350 Erubuit
235 1287 417 1368 Phaethon,
432 1287 575 1373 iramque
591 1287 712 1373 pudere
727 1285 873 1371 repressit
886 1311 895 1366 3
1010 1289 1073 1352 756

81 1392 128 1455 Et
143 1394 217 1457 tulit
231 1395 272 1458 ad
289 1395 464 1481 Clymenen
480 1394 608 1481 Epaphi
623 1394 768 1460 convicia
781 1405 925 1459 matrem.

81 1500 222 1587 Qudque
237 1501 339 1591 magis
354 1503 471 1583 doleas,
487 1503 634 1590 genitrix,
649 1503 706 1582 ait,
720 1501 772 1567 ille
787 1524 847 1590 ego
860 1503 949 1578 liber,

80 1612 141 1676 llle
156 1611 244 1676 ferox
259 1613 365 1677 tacui:
390 1615 490 1699 pudet
504 1615 574 1678 haec
589 1612 755 1699 opprobria
770 1613 861 1680 nobis

81 1721 129 1785 Et
142 1722 207 1786 dici
223 1723 376 1809 potuisse,
391 1732 423 1788 et
438 1745 501 1789 non
517 1723 659 1810 potuisse
674 1721 781 1786 refelli.

78 1833 126 1894 At
141 1841 187 1906 tu,
203 1831 230 1895 si
246 1831 341 1896 modh
357 1855 427 1895 sum
442 1833 563 1897 coelesti
580 1832 677 1918 stirpe
693 1836 827 1911 creatus,
962 1846 968 1859 ’
1012 1835 1077 1901 760

80 1941 151 2004 Ede
166 1951 277 2005 notam
292 1941 373 2005 tanti
390 1943 524 2028 generis,
538 1965 652 2030 meque
667 1963 769 2007 assere
785 1943 875 2008 coelo.

32 2028 36 2155 Ξ
82 2051 197 2129 Dixit;
221 2061 253 2116 et
267 2051 425 2136 implicuit
439 2062 581 2117 materno
595 2053 727 2117 brachia
742 2052 840 2131 collo;

32 2158 206 2247 Perque
221 2184 326 2237 suum,
342 2161 547 2249 Meropisque
562 2170 671 2247 caput,
689 2161 853 2246 taedasque
868 2165 1022 2237 sororum,

79 2269 240 2348 Traderet,
255 2270 365 2344 oravit,
381 2291 445 2333 ven
436 2268 562 2335 sibi
537 2291 630 2356 signa
645 2278 756 2356 parent
757 2268 796 2334 is

32 2380 287 2487 Ambiguum,
304 2380 457 2466 Clymene
473 2379 618 2467 precibus
634 2377 857 2453 Phaethontis,
872 2401 914 2444 an
930 2379 977 2444 ira
1014 2382 1089 2448 765.

32 2520 41 2629 q
81 2490 175 2555 Mota
189 2492 292 2577 magis
307 2491 384 2556 dicti
399 2491 461 2555 sibi
476 2490 626 2565 criminis,
641 2499 775 2576 utraque
789 2489 870 2554 coelo

81 2599 219 2665 Brachia
233 2601 391 2689 porrexit,
414 2609 627 2687 spectansque
642 2600 684 2663 ad
698 2598 821 2663 lumina
837 2598 931 2678 Solis,

50 2698 143 2772 Per
154 2711 251 2796 jubar
264 2710 360 2789 hoc,
352 2709 468 2795 inquit,
483 2707 601 2772 radiis
593 2706 719 2793 insigne
733 2705 883 2785 coruscis,

81 2817 176 2896 Nate,
192 2817 273 2882 tibi
261 2839 345 2905 Jurn,
361 2818 446 2904 quod
462 2838 522 2882 nos
538 2814 692 2901 auditque
706 2814 868 2900 videtque,

79 2929 150 2993 Hoc
167 2941 210 3008 te,
225 2952 320 3015 quem
335 2939 472 3015 spectas,
486 2924 545 2990 hoc
560 2934 604 3003 te,
619 2923 674 3009 qui
689 2932 847 3008 temperat
861 2923 978 3013 orbem,
1012 2927 1077 2990 770

80 3040 152 3104 Sole
168 3048 293 3104 satum:
318 3038 346 3102 si
361 3039 438 3102 ficta
452 3037 574 3122 loquor,
589 3044 687 3120 neget
702 3033 768 3120 ipse
783 3032 957 3097 videndum

80 3149 121 3212 Se
137 3147 226 3227 mihi,
243 3148 348 3234 sitque
362 3147 464 3212 oculis
478 3146 535 3209 lux
550 3144 612 3208 ista
626 3142 798 3208 novissima
812 3141 936 3206 nostris.

77 3258 146 3322 Nec
161 3257 277 3343 longus
292 3256 411 3343 patrios
427 3255 515 3319 labor
529 3262 579 3318 est
593 3252 651 3316 tibi
666 3250 760 3317 nbsse
775 3256 926 3338 penates:

77 3368 172 3432 Unde
186 3366 294 3445 oritur,
310 3376 399 3430 terrae
413 3364 526 3429 domus
541 3370 591 3426 est
605 3361 800 3427 contermina
814 3371 939 3426 nostrae.

76 3477 109 3539 Si
127 3474 299 3560 modo—fert
314 3475 450 3552 animus,
464 3472 613 3560 gradere3
635 3480 668 3534 et
684 3471 838 3539 scitabere
853 3474 894 3539 ab
909 3473 987 3559 ipso.
1011 3475 1075 3539 775
