2280 4004
94 217 137 283 92
412 206 442 281 1’2
468 234 587 281 ovrnu
613 232 771 279 nasonis

93 387 210 454 Desilit
223 387 257 451 in
272 396 392 452 terras:
415 384 481 451 illic
495 384 700 475 tegimenque
715 383 857 463 removit,
947 467 952 475 ,

91 500 140 579 Er,
149 499 257 589 posuit
271 521 412 586 pennas;
434 499 655 564 tantummodo
670 495 758 584 virga
772 503 896 569 retenta
909 503 970 559 est
1026 495 1087 593 575

92 612 164 678 Hac
178 612 258 699 agit,
272 620 310 675 ut
324 621 443 697 pastor,
457 633 512 698 per
525 610 619 675 devia
633 630 705 673 rura
719 607 869 693 capellas,

92 724 181 789 Dum
195 722 292 797 venit,
307 723 464 787 abductas
476 747 485 801 ;
507 731 540 786 et
554 720 683 784 structis
696 727 807 784 cantat
822 715 939 781 avenis.

90 831 178 898 Voce
191 855 284 898 novae
298 841 413 920 captus
427 840 537 896 custos
550 831 570 895 J
572 828 710 894 unonius
726 827 813 906 artis,

90 941 246 1028 Quisquis
261 963 306 1023 es,
322 942 384 1006 hoc
399 931 665 1028 poteras'mecum
678 937 838 1003 considere
853 955 941 1014 saxo,
1009 998 1013 1005 ,

88 1052 194 1139 Argus
209 1052 276 1130 ait;
299 1073 401 1138 neque
416 1051 501 1116 euim
515 1050 619 1136 pecori
635 1047 811 1115 foecundior
826 1046 891 1111 ullo
1023 1046 1087 1110 680

89 1162 198 1227 Herba
211 1164 280 1228 loco
295 1172 362 1243 est;
385 1171 557 1248 aptamque
572 1159 660 1245 vides
674 1159 854 1246 pastoribus
869 1159 1025 1223 umbram.

89 1271 181 1337 Sedit
193 1272 407 1347 Atlantiades,
422 1281 457 1336 et
470 1281 599 1337 euntem
613 1270 715 1341 multa
726 1267 886 1357 loquendo
905 1358 908 1363 .

90 1379 239 1444 Detinuit
253 1383 395 1444 sermone
410 1380 516 1459 diem3
534 1378 722 1465 junctisque
736 1377 880 1442 canendo

88 1486 222 1552 Vincere
238 1487 445 1552 arundinibus
460 1487 616 1563 seruantia
630 1485 751 1550 lumina
766 1494 878 1550 tentat.

89 1597 147 1663 Ille
163 1607 268 1662 tamen
284 1608 408 1686 pugnat
423 1598 531 1662 molles
547 1597 689 1663 evincere
704 1618 850 1662 somnos:
1021 1598 1084 1661 685

89 1705 134 1770 Et
148 1706 293 1792 quamvis
310 1727 400 1792 sopor
415 1714 463 1770 est
477 1706 650 1783 oculorum¹
658 1716 746 1791 parte
761 1718 917 1794 receptus,

89 1816 185 1880 Parte
204 1826 312 1881 tamen
325 1814 455 1902 vigilat:
478 1812 593 1898 quaerit
608 1835 735 1899 quoque
750 1816 902 1901 (namque
917 1827 1042 1901 reperta

88 1925 212 1992 Fistula
227 1948 327 2013 nuper
341 1929 423 2006 erat)
439 1922 506 2011 qut
520 1923 563 1987 sit
576 1923 697 1988 ratidne
712 1935 842 2013 reperte.

541 2259 619 2324 xu.
683 2223 687 2240 ’

83 2464 168 2528 Tum
182 2464 272 2544 deus,
288 2463 434 2528 Arcadiae
450 2463 561 2550 gelidis
576 2465 611 2529 in
625 2465 798 2540 montibus,
814 2466 930 2552 inquit,

87 2573 173 2637 Inter
188 2573 431 2660 Hamadryadas
447 2573 646 2638 celeberrima
661 2575 858 2640 Nonacrinas
1019 2579 1083 2642 690

86 2683 188 2748 Naias
203 2707 267 2749 una
281 2684 363 2764 fuit3
386 2683 547 2771 Nymphae
564 2684 699 2770 Syringa
714 2687 880 2752 vocabant.

86 2792 118 2855 N
119 2815 160 2857 ou
175 2794 269 2857 semel
285 2803 317 2857 et
333 2793 464 2878 Satyros
479 2794 615 2859 eluserat
628 2793 682 2858 illa
698 2806 876 2881 sequentes,

86 2899 131 2963 Et
146 2922 351 2987 quoscunque
364 2900 439 2965 deos
453 2903 638 2997 umbrosave
651 2903 742 2977 silva,
757 2904 882 2970 ferasve

86 3010 156 3074 Rus
171 3011 288 3075 habet:
312 3011 480 3099 Ortygiam
496 3013 611 3078 studiis
627 3014 763 3102 ipsaque
779 3015 903 3081 colebat

86 3117 279 3205 Virginitate
294 3122 408 3186 deam:
430 3123 493 3188 ritu
508 3147 634 3212 quoque
648 3125 755 3192 cincta
770 3127 886 3191 Dianae
1018 3129 1081 3193 695

87 3227 234 3309 Falleret‚
248 3238 280 3293 et
294 3231 377 3295 credi
393 3242 499 3319 posset
515 3233 658 3315 Latonia,
674 3235 779 3300 sinon

88 3336 231 3402 Corneus
247 3337 322 3403 huic
338 3360 440 3420 arcus,
456 3341 482 3406 si
497 3364 559 3406 non
574 3341 654 3407 foret
669 3365 781 3408 aureus
794 3344 859 3407 illi:

87 3444 141 3511 Sic
154 3468 280 3536 quoque
295 3448 433 3514 fallebat.
479 3449 680 3516 Redeuntem
694 3453 774 3519 colle
789 3454 893 3539 Lyceo
