2280 4004
78 240 119 305 78
402 262 434 308 r.
457 261 578 309 ovrnn
604 260 775 322 nasonis.

33 460 35 467 ·
80 424 230 514 Occupat
244 424 297 492 hic
311 426 426 493 collem
438 452 447 507 3
470 426 589 514 cymba
602 427 692 496 sodet
705 427 786 493 alter
799 423 945 500 adunci,

79 532 124 600 Et
137 534 228 600 ducit
242 556 344 601 remos
357 533 435 616 illic,
448 535 504 603 ubi
518 556 622 623 nuper
634 534 751 603 atras

78 644 137 710 Ille
152 667 248 732 supra
261 655 398 734 segetes,
412 656 472 713 aut
483 668 596 717 mercar
609 645 751 729 culmina
763 644 865 722 vill&
879 704 885 713 .
911 709 916 715 .
1020 640 1080 705 295

79 754 238 844 Navigat:
261 756 314 822 hic
328 756 455 823 summit
468 757 592 844 piscem
605 755 778 842 deprendit
790 754 826 819 in
839 753 940 825 ulmo.

79 864 203 954 Figitur
217 866 251 931 in
266 867 360 934 viridi
373 867 417 951 (si
430 867 495 933 fors
509 867 600 947 tulit)
613 867 753 936 anchora
766 875 881 951 pruto;

78 976 145 1042 Aut
159 979 305 1065 subjecta
318 988 427 1051 terunt
441 1001 549 1045 ourvae
562 978 673 1045 vincta
685 979 824 1047 carna:

79 1086 123 1153 Et
136 1086 233 1153 modo
248 1085 314 1175 qud
328 1089 462 1176 graciles
476 1109 610 1175 gramm
623 1086 768 1172 carpetra
780 1085 925 1172 capella,

78 1197 174 1264 Nunc
189 1198 234 1263 ibi
247 1197 407 1267 deformes
421 1209 548 1286 ponunt
561 1219 620 1263 sua
634 1218 764 1283 corpora
777 1195 906 1282 phocoe.
1020 1192 1079 1258 300

79 1305 239 1374 Mirantur
254 1311 314 1375 sub
330 1308 418 1397 aqud
434 1310 534 1389 lucos,
549 1309 719 1394 urbesque,
732 1307 911 1392 domosque
1032 1342 1035 1347 ·

79 1416 245 1485 Nereides:
269 1421 440 1509 sylvasque
454 1429 567 1487 tenent
581 1419 759 1505 delphinas,
773 1417 897 1482 staltis

79 1529 250 1597 incursant
265 1532 373 1607 ramis,
388 1532 574 1619 agitataque
587 1531 700 1597 robora
713 1529 854 1616 pulsant.

78 1638 145 1707 Nat
159 1643 255 1730 lupus
269 1641 350 1707 inter
363 1664 457 1721 oves3
480 1642 585 1706 fulvos
598 1641 690 1708 vehit
702 1641 792 1706 unda
802 1641 931 1717 leonum

77 1750 175 1818 Undn
190 1752 280 1818 vehit
294 1752 413 1840 tigres3
439 1772 499 1817 nac
514 1750 596 1816 vires
608 1749 752 1819 fulminis
766 1771 854 1838 apro,
1019 1747 1077 1811 3c5

78 1862 181 1927 Crura
196 1882 254 1927 nec
269 1862 376 1927 ablato
390 1869 525 1949 prosunt
539 1859 659 1929 uelocia
674 1881 785 1927 cervo:
892 1910 895 1915 .

78 1972 297 2060 Qusrsitisque
311 1971 367 2037 diu
381 1971 483 2052 terris,
496 1971 553 2036 ubi
567 1970 669 2037 sidere
683 1971 788 2044 detur,

79 2082 117 2149 In
132 2105 217 2149 mare
231 2081 356 2148 lassatis
369 2082 506 2149 volucris
519 2105 603 2169 vaga
616 2082 737 2151 decidit
752 2082 822 2148 alia.

79 2192 239 2260 Obruerat
253 2191 393 2258 tumulos
407 2192 564 2258 immensa
577 2191 709 2259 licentia
723 2191 839 2279 ponti,¹

79 2301 323 2390 Pulssbantquc
337 2301 410 2368 novi
425 2305 577 2368 montana
590 2301 761 2369 cacumina
773 2300 905 2367 fluctus.
1017 2300 1075 2366 310

81 2412 225 2480 Maxima
241 2435 312 2500 pars
327 2413 416 2479 undis
430 2412 571 2499 rapiturz
592 2412 710 2499 quibus
724 2412 814 2479 unda
828 2411 982 2498 pepercit,

80 2524 155 2592 Illos
170 2526 265 2613 longe
279 2525 413 2589 domant
426 2521 512 2608 inopi
521 2522 647 2608 jejunia
659 2520 757 2587 victu.

82 2635 217 2724 Separat
230 2633 350 2700 Aonios
365 2632 487 2699 Acteais
502 2632 623 2699 Phocis
637 2632 679 2697 ab
692 2631 789 2706 arvis,

82 2744 177 2810 Tana
190 2743 289 2820 ferax,
303 2743 382 2809 dum
397 2751 479 2808 terra
492 2740 570 2822 fuit;
594 2742 651 2807 sed
666 2751 807 2828 tempore
822 2741 926 2807 inille

85 2855 164 2921 Pars
180 2853 286 2934 maris,
301 2862 336 2919 et
347 2851 433 2918 latus
447 2851 626 2919 subitarum
640 2872 774 2939 campus
788 2856 953 2939 aquarum.
1020 2852 1077 2915 ³15

86 2964 184 3032 Mons
199 2964 241 3030 ibi
257 2962 428 3031 verticibus
441 2961 522 3050 petit
536 2963 654 3029 arduus
668 2970 755 3027 astra
768 2962 909 3038 duribus,

88 3075 224 3142 Nomine
240 3076 428 3156 Parnassus,
443 3082 637 3162 superatque
650 3074 817 3139 cacumine
831 3075 943 3140 nubes.

89 3185 154 3252 Hic
169 3185 224 3251 ubi
241 3185 419 3252 Deucalion
433 3189 524 3266 (nam
535 3193 650 3250 caetcra
664 3191 790 3249 texerat
802 3195 925 3270 aquor)

91 3298 176 3363 Cum
191 3296 409 3363 consectatori
423 3296 523 3383 parvis
536 3303 604 3360 rate
618 3302 728 3359 vectus
743 3293 891 3374 adhesit,

92 3407 265 3496 Corycidas
279 3405 461 3494 Nymphas,
474 3414 506 3471 et
519 3403 653 3469 numina
665 3405 784 3472 montis
797 3403 944 3480 adorant,
1026 3405 1084 3470 320

91 3517 333 3606 Fatidicamque
346 3515 494 3598 Thurin,
508 3537 583 3600 quae
598 3523 676 3581 tunc
689 3513 798 3582 oriola
810 3514 951 3583 tenebat.
