2280 4004
354 225 603 338 uarnpoarrr.
649 227 720 273 ma.
746 228 767 270 1.
1006 204 1056 293 69,

436 326 462 355 Α·

47 368 152 457 (con
166 394 225 437 sua
240 375 376 463 quisque
391 385 482 464 regat
496 377 621 441 diverso
636 377 767 441 flamina
781 383 901 457 tractu)

48 479 140 554 Quin
154 482 273 549 lanient
287 474 465 566 mundum}
486 487 591 550 Tanta
604 497 656 550 est
670 487 829 551 discordia
844 487 984 551 fratrum.
1008 489 1056 552 60,

46 591 157 657 Eurus
173 595 212 658 ad
228 595 394 675 Auroram,
412 596 654 683 Nabathaeaque
670 619 768 682 regna
783 600 921 672 recessit,

50 703 257 790 Persidaque,
272 716 305 770 et
320 707 417 770 radiis
427 709 510 794 juga
525 707 655 772 subdita
669 707 848 771 matutinis.

46 810 170 901 Vesper
184 824 217 889 et
231 816 365 881 occiduo
380 840 453 903 quae
467 817 577 881 littora
591 818 657 880 sole
673 826 841 902 tepescunt

48 922 200 1001 Proxima
215 926 476 1013 suntZephyro:
499 926 668 1013 Scythiam
685 926 1044 1019 Septemque-tribnom:

48 1032 190 1101 Horrifer
204 1035 326 1100 invasit
341 1036 483 1114 Boreas:
507 1037 665 1102 contraria
679 1038 774 1101 tellus
1006 1040 1049 1109 65

47 1144 198 1208 Nubibus
212 1145 363 1223 assiduis,
377 1148 551 1234 pluvioque
565 1148 720 1212 madescit
736 1148 777 1212 ab
791 1148 918 1214 Austro.
1036 1202 1039 1207 .

47 1253 129 1318 Haec
144 1254 404 1343 superimposuit
419 1257 577 1343 liquidum
592 1238 624 1321 et
638 1258 795 1343 gravitate
809 1269 969 1324 carentem
1042 1312 1045 1317 .

46 1363 193 1442 AEthera,
206 1388 265 1431 nec
280 1366 454 1453 quicquam
470 1372 603 1432 terrenae
617 1366 706 1435 faecis
721 1368 903 1435 habentem.

46 1473 112 1539 Vix
126 1473 172 1562 ita
186 1476 343 1542 limitibus
358 1478 554 1564 dissepserat
569 1478 676 1543 omnia
690 1478 796 1553 certis,

46 1585 146 1667 Cum,
159 1609 231 1672 quae
247 1609 355 1673 pressa
370 1588 427 1653 diu
442 1588 551 1653 massa
565 1587 686 1654 latuere
700 1590 761 1654 sub
776 1587 844 1664 ills,
1006 1592 1048 1656 70

48 1696 160 1761 Sidera
174 1701 428 1784 coepemnttoto
439 1697 643 1764 effervescere
658 1699 750 1764 coelo.

45 1806 120 1872 Neu
134 1807 219 1894 regio
234 1806 315 1872 foret
330 1809 397 1873 ulla
407 1809 478 1877 suis
492 1808 710 1875 animantibus
724 1811 825 1888 orba,

44 1917 143 1980 Astra
156 1927 266 1983 tenent
279 1919 411 1986 coeleste
426 1919 540 1997 solum,
555 1918 731 2005 formaeque
746 1920 912 1999 Deorum:

46 2024 222 2097 Cesserunt
235 2028 346 2091 nitidis
361 2027 548 2095 habitandae
562 2028 832 2115 piscibus-undam

45 2135 142 2201 Terra
156 2137 237 2203 feras
252 2137 351 2223 cepit,
365 2126 508 2203 volucres
523 2138 687 2225 agitabilis
703 2139 771 2204 a'ea
1006 2140 1049 2205 7⁶

46 2245 199 2310 Sanctius
213 2246 265 2311 his
280 2247 409 2325 animal,
425 2247 605 2333 mentisque
619 2247 769 2334 capacius
778 2248 871 2327 altae,

47 2354 168 2418 Deerat
182 2355 299 2435 adhuc,
315 2365 348 2419 et
362 2356 449 2441 quod
463 2356 617 2421 dominari
631 2356 665 2419 in
679 2365 795 2421 caetera
809 2366 938 2445 posset·-

49 2463 156 2529 Natus
171 2466 265 2531 homo
281 2476 353 2531 est:
377 2466 444 2530 sive
460 2467 547 2531 huuc
561 2466 672 2531 divino
685 2466 917 2535 semine—facin.

47 2573 107 2640 Ille
122 2574 228 2661 opifex
243 2598 359 2656 rerum,
373 2576 486 2640 mundi
504 2576 641 2641 melioris
655 2580 765 2663 origo-3

49 2684 125 2751 Sive
139 2707 249 2751 recens
264 2687 370 2765 tellus,
386 2688 582 2773 seductaque
596 2709 698 2773 nuper
712 2688 754 2751 ab
769 2686 836 2753 alto
853 2722 857 2733 ·
978 2702 982 2707 '
1007 2680 1051 2757 80

48 2795 192 2871 AEthere,
207 2797 336 2882 cognati
350 2798 508 2862 retinabat
522 2795 644 2861 sennua
659 2797 754 2865 eoelir
775 2840 780 2849 ι

48 2907 157 2982 Quam
172 2917 262 2971 satus
278 2909 400 2993 Iapeto,
415 2907 547 2971 mistam
558 2907 742 2973 fluvialibus
758 2902 864 2989 undis,

49 3017 160 3082 Finxit
175 3018 208 3081 in
222 3018 359 3104 effigiem
374 3017 730 3083 moderantum-cuncta
745 3020 898 3113 Deorum.
969 3058 973 3065 ·

51 3128 219 3213 Pronaque
235 3127 310 3192 edm
326 3137 472 3213 spectent
487 3128 636 3194 animalia
651 3139 765 3194 caetera
781 3140 917 3210 terram,-

51 3237 98 3302 Os
113 3238 235 3305 homini
249 3239 390 3304 sublime
404 3240 505 3314 dedit,
519 3240 700 3326 coelumque
714 3241 799 3305 tuiri
878 3229 882 3237 ⁵
1009 3242 1052 3308 85

49 3348 164 3422 tussit,
179 3358 211 3413 et
225 3360 346 3414 erectos
359 3350 400 3414 ad
416 3350 519 3413 sidera
535 3350 643 3415 tollere
657 3351 778 3415 vultus.
807 3370 810 3375 ’
1035 3338 1041 3345 ’

52 3459 117 3535 Sic,
133 3457 228 3524 modb
243 3482 315 3546 quae
338 3461 442 3525 fuerat
456 3460 545 3524 rudis
561 3471 594 3525 et
608 3459 676 3525 sinc
691 3461 842 3549 imagine,
857 3462 951 3527 tellus

15 3592 20 3613 ⁸
52 3569 166 3637 Induit
180 3569 307 3656 ignotas
321 3571 487 3637 hominum
501 3594 656 3638 conversa
671 3575 798 3659 figuras.
