2280 4004
419 249 449 293 P.
474 248 593 295 ovim!
620 248 781 295 ussonia

576 591 638 656 rx.
669 686 672 693 „

102 761 230 829 Primus
245 785 333 829 amor
349 763 464 829 Phoebi
482 765 622 851 Daphne
639 764 780 845 Peneia3
804 786 901 855 quem
918 786 984 833 nou

103 873 181 939 Fors
197 875 306 963 ignara
320 876 420 951 dedit,
435 876 490 940 sed
508 898 597 942 saeva
612 876 783 963 Cupidinis
797 877 853 944 ira.

102 986 216 1052 Delius
231 989 330 1061 hunc,
344 1011 447 1074 nuper
460 964 704 1075 victu‘serpente
718 991 885 1077 superbus,

100 1097 233 1163 Viderat
248 1098 386 1162 adducto
399 1099 582 1163 flectentem
598 1121 718 1164 cornua
733 1122 849 1166 nervo:
1045 1102 1103 1167 455

102 1209 255 1298 Quidque
270 1209 340 1289 tibi,
354 1210 473 1277 lascive
486 1232 576 1298 puer,
592 1232 666 1275 cum
682 1211 817 1276 fortibus
831 1211 955 1277 armis?

102 1321 257 1386 Dixerat:
280 1322 343 1387 ista
358 1323 474 1387 decent
488 1322 637 1388 humeros
653 1323 834 1409 gestamina
848 1333 993 1390 nostros:
1071 1353 1074 1357 ·

102 1432 168 1508 Qui
182 1433 259 1498 dare
274 1443 361 1497 certa
375 1435 462 1512 ferae,
478 1435 554 1498 dare
568 1435 700 1499 vulnera
715 1438 886 1522 possumus
901 1435 988 1500 hosti
1003 1461 1011 1514 ;

102 1544 167 1619 Qui
182 1542 277 1610 modd
293 1543 441 1631 pestifero
456 1554 505 1609 tot
515 1546 631 1632 jugera
645 1554 756 1611 ventre
771 1554 966 1632 prementem
1075 1537 1082 1546 ’

102 1655 280 1722 Stravimus
294 1655 467 1719 innumeris
483 1656 644 1722 tumidum
659 1658 810 1744 Pythona
824 1658 962 1746 sagittis
1044 1658 1105 1724 460

99 1767 152 1832 Tu
164 1767 245 1848 face,
260 1766 367 1832 nescio
382 1788 474 1854 quos,
487 1776 556 1831 esto
571 1778 743 1834 contentus
757 1774 879 1835 amium

100 1878 223 1943 Imitare
239 1877 321 1958 tud;
342 1899 402 1942 neo
417 1877 528 1942 laudes
543 1900 648 1943 assere
664 1889 798 1945 nostras.

98 1991 198 2055 Filius
213 1989 289 2054 huie
303 1988 437 2053 Veneris
446 2015 455 2068 ;
480 1989 575 2076 Figat
591 2001 666 2055 tuus
682 1990 798 2071 omnia,
816 1990 950 2072 Phoebe,

35 2184 37 2191 y
97 2103 143 2167 Te
157 2123 247 2165 mens
262 2121 365 2179 arcus,
379 2099 443 2164 ait:
467 2098 651 2188 quantoque
667 2101 818 2168 animalia
832 2103 954 2168 cedunt
1033 2130 1036 2135 ·

100 2212 229 2278 Cuncta
243 2207 313 2288 tibi,
329 2206 421 2272 tanto
437 2209 540 2274 minor
554 2219 603 2273 est
617 2219 676 2274 tua
690 2210 790 2297 gloria
805 2211 922 2277 nostia.
1040 2214 1104 2280 465

99 2324 193 2392 Dixit
206 2349 214 2404 ;
238 2331 271 2386 et
285 2322 365 2385 eliso
381 2320 538 2408 percussis
553 2321 626 2386 a'ere
641 2321 766 2408 pennis,

98 2436 239 2525 Impiger
253 2431 404 2497 umbrosa
419 2432 570 2497 Parnassi
587 2431 733 2497 constitit
746 2454 839 2498 arce:

96 2547 190 2634 Eque
205 2540 386 2631 sagittiferi
400 2542 555 2629 prompsit
571 2542 636 2608 duo
652 2544 716 2608 tela
730 2542 892 2630 pharetra,
997 2566 1000 2573 ·

99 2657 306 2722 Diversarum
321 2672 472 2737 operum:
496 2650 590 2739 fugat
604 2652 677 2733 hoc,
692 2652 771 2717 facit
786 2654 876 2735 illud,
892 2659 1044 2721 amorem.

96 2766 193 2846 Quod
209 2764 297 2843 facit,
312 2767 460 2827 auratum
474 2770 534 2842 est,
549 2772 582 2827 et
597 2762 730 2849 cuspide
745 2762 851 2850 fulget
865 2763 981 2830 aci'rtd:
1038 2766 1102 2829 470

99 2877 196 2954 Quod
211 2875 315 2961 fugat,
330 2873 481 2938 obtusum
496 2881 556 2948 est,
582 2883 615 2937 et
636 2873 736 2938 habet
750 2873 812 2937 sub
826 2872 1104 2962 arundine‘plum·

96 2988 168 3053 Hoc
183 2986 263 3050 deus
277 2982 311 3046 in
327 2981 481 3068 Nympha
498 2983 640 3049 Peneide
655 2985 744 3048 fixit:
768 2986 870 3050 atillo
995 2987 1101 3069 [bum.

97 3096 195 3163 Laesit
209 3092 392 3181 Apollineas
408 3095 539 3181 trajecta
554 3117 609 3181 per
623 3117 695 3160 ossa
709 3095 877 3159 medullas.

97 3207 250 3274 Protinus
266 3203 344 3266 alter
359 3212 464 3282 amat3
488 3202 572 3288 fugit
587 3204 686 3269 altera
698 3225 814 3269 nomen
829 3202 978 3281 amantis,

96 3319 266 3408 Sylvarum
280 3312 422 3391 latebris,
437 3311 698 3398 captivarumque
713 3312 851 3376 ferarum
1034 3311 1099 3376 475

97 3429 231 3496 Exuviis
244 3425 398 3514 gaudens,
413 3423 622 3510 innuptaeque
638 3423 754 3487 aemula
769 3420 929 3486 Phoebes':

95 3546 188 3612 Vitta
203 3536 372 3606 coercebat
386 3533 506 3620 positos
520 3533 590 3598 sine
604 3534 675 3622 lege
689 3533 844 3622 capillos:
