2280 4004
360 226 608 273 usrauonrfl.
653 223 725 267 nra.
743 223 765 267 r.
1019 199 1061 264 80

60 383 210 449 Alterum
224 401 397 458 nemorum,
412 383 461 456 (et
475 396 640 441 nemorum
653 380 884 439 monstraverat
899 369 1041 447 umbras)

62 497 154 559 Dum
169 493 262 567 calet,
276 501 309 555 et
322 489 428 556 medio
443 488 491 553 sol
506 496 557 551 est
571 484 744 550 altissimus
759 484 842 548 orbe.

61 603 161 680 Qudd
174 603 202 668 si
218 604 284 669 sala
299 601 392 666 umes
406 597 544 664 latibras
559 596 676 661 intrare
690 594 839 673 ferarum,

64 713 207 779 Praeside
222 724 295 779 tuta
308 714 368 778 deo
382 731 545 776 nemorum
559 712 680 772 secreta
696 704 831 783 subibis,

63 825 97 888 N
98 846 135 889 ee
149 825 189 890 de
203 825 295 912 plebe
310 824 369 888 deo
379 846 388 903 ς
399 852 401 859 s
411 820 468 886 sed
483 818 539 906 qui
554 817 695 884 coelestia
709 813 829 903 magud
999 816 1063 879 595

24 999 36 1007 .
64 936 201 1022 Sceptra
208 958 312 1023 'manu
328 945 431 1013 teneo,
446 933 501 996 sed
516 929 572 1017 qui
587 950 669 1014 vaga
683 926 818 990 fulmina
832 925 932 990 mitto.

10 1582 15 1719 [l

63 1046 116 1109 Ne
131 1045 207 1133 fuge
221 1067 270 1110 me
279 1069 289 1126 ;
311 1045 471 1132 (fugiebat
485 1041 569 1106 euim
580 1043 603 1119 :)
617 1041 692 1106 Jam
707 1059 829 1125 pascua
844 1039 965 1110 Lernae,

64 1155 262 1242 consitaque
276 1155 442 1221 arboribus
458 1155 573 1240 Lyeaea
586 1152 756 1237 reliquerat
771 1171 866 1229 arva5

63 1267 152 1332 Cum
167 1267 260 1331 Deus
275 1265 410 1330 inducta
423 1264 506 1328 latas
520 1262 658 1349 ealigine
673 1271 773 1326 terras

64 1377 229 1458 Occuluit
245 1376 410 1462 tenuitque
423 1376 546 1462 fugam,
560 1375 731 1460 rapuitque
746 1373 909 1460 puditum.
998 1375 1062 1441 600

65 1489 190 1552 Interea
205 1487 325 1552 medios
339 1487 425 1552 Juno
440 1485 587 1572 despexit
600 1484 636 1548 in
650 1507 754 1570 agros,

64 1598 110 1662 Et
124 1598 229 1663 noetis
243 1597 358 1663 faeiem
372 1597 506 1662 nebulas
521 1596 634 1660 fecisse
649 1595 790 1660 volucres

10 1726 14 1751 t
64 1709 135 1773 Sub
150 1708 253 1774 nitido
267 1709 383 1774 mirita
394 1708 457 1788 die,
472 1729 536 1773 uon
550 1707 693 1771 fluminis
707 1707 778 1772 illas

65 1819 157 1900 Esse,
172 1840 231 1884 nea
247 1819 394 1884 humenti
408 1819 506 1883 sentit
519 1819 630 1883 tellure
645 1818 783 1883 remitti:

65 1930 184 2015 Atque,
199 1950 276 1992 suus
290 1929 410 2015 conjux
424 1927 480 1993 ubi
495 1927 549 2008 sit,
564 1927 802 2014 circumspicit3
825 1939 863 1994 ut
876 1952 950 2016 quae
1002 1934 1065 1997 006

67 2038 223 2125 Deprensi
238 2039 334 2104 toties
343 2039 414 2126 jam
427 2037 537 2103 ndsset
551 2037 637 2103 furta
650 2039 774 2104 mariti:

67 2149 173 2224 Quem
187 2159 358 2236 postquam
372 2148 453 2214 coelo
467 2171 534 2213 non
548 2150 695 2236 repperit,
708 2151 776 2214 Aut
791 2173 852 2241 ego
866 2153 968 2234 fallor,

66 2262 134 2325 Aut
148 2283 208 2347 ego
222 2261 330 2365 lqdor,
345 2261 411 2341 ait;
435 2260 631 2346 delapsaque
646 2261 688 2325 ab
702 2261 819 2327 aethere
835 2284 871 2328 su
888 2285 970 2345 amo,

32 2438 35 2443 ,
67 2367 223 2434 Constitit
236 2368 270 2433 in
285 2367 386 2442 terris,
401 2367 601 2454 nebulasque
615 2368 759 2433 recedere
768 2370 875 2455 jussit.

11 2985 16 3019 l

11 3514 26 3579 0

68 2479 224 2567 conjugis
241 2480 413 2544 adventurn
426 2488 642 2565 praesenserat,
658 2479 754 2566 inqua
768 2480 922 2547 nitentem
1002 2489 1066 2551 610

69 2591 238 2656 lnaahidos
253 2591 362 2656 vultus
377 2598 554 2654 mutaverat
568 2589 621 2653 ille
630 2590 812 2675 juvencam.

70 2701 132 2768 Bos
147 2723 274 2789 quoque
288 2702 426 2767 formdsa
439 2707 490 2782 est
503 2721 511 2763 ι
532 2699 669 2786 speeiem
686 2700 838 2769 Saturnia
853 2728 969 2789 raucae,

69 2812 261 2900 Quanquam
283 2811 396 2891 invita,
412 2810 543 2898 probat3
568 2832 628 2875 nee
642 2832 706 2878 non
721 2825 754 2880 et
768 2820 872 2905 cujus,
887 2831 919 2885 et
935 2825 1028 2903 unde,

11 2965 15 2977 ·
69 2926 178 3002 Quove
192 2927 236 2992 sit
250 2936 403 3006 armento,
418 2925 482 2990 reri
496 2927 589 3014 quasi
603 2928 720 3002 nescia,
735 2928 860 3014 quaerit.

68 3036 189 3125 Jupiter
203 3035 222 3103 ὲ
237 3038 320 3103 terra
333 3037 474 3125 genitam
486 3042 651 3119 mentitur,
667 3049 704 3103 ut
718 3050 828 3105 auctor
1001 3048 1064 3112 615

68 3146 203 3216 Desinat
218 3147 349 3235 inquiri.
395 3148 483 3213 Petit
497 3149 582 3214 hane
599 3149 749 3215 Saturnia
764 3173 889 3218 munus.

67 3258 151 3335 Quid
167 3258 292 3324 faeiat?
338 3257 489 3340 Crudele,
504 3282 580 3325 suos
594 3260 741 3327 abdicere
756 3267 898 3330 amires:

67 3368 137 3436 Non
153 3371 238 3450 dare,
253 3379 447 3456 suspectum.
492 3370 603 3437 Pudor
617 3382 677 3447 est,
691 3374 748 3459 qui
763 3376 896 3441 suadeat
912 3378 1019 3461 illine;

67 3479 151 3549 Hinc
166 3481 335 3547 dissuadet
348 3503 454 3547 amor:
478 3480 582 3546 victus
597 3484 699 3569 pudor
713 3496 798 3551 esset
812 3492 939 3569 ambre;

540 3612 550 3654 1
575 3595 595 3657 3
