2280 4004
367 251 615 305 nnrnuonrrr.
640 252 711 301 nin.
725 253 749 303 1·
1011 233 1052 297 67

54 401 127 466 Nec
142 401 327 489 quicquam,
342 401 404 466 nisi
420 404 546 490 pondus
560 402 658 477 iners,
674 411 887 490 congestaque
903 402 1014 467 eodem

56 512 134 577 Non
148 512 230 576 bene
238 514 424 598 junctorum
438 513 598 578 discordia
613 513 732 578 semina
747 534 860 576 rerum.

54 621 176 686 Nullus
190 622 299 687 adhuc
314 624 434 687 mundo
449 625 613 710 praebebat
627 624 749 688 lumina
763 623 857 687 Titan
870 648 878 699 ;
1019 623 1058 686 10

57 732 128 796 Nec
143 753 226 795 novo
240 734 411 798 crescendo
425 733 594 819 repetibat
607 755 726 799 cornua
741 734 887 813 Phoebes

59 842 129 907 Nec
143 842 339 912 circumlito
355 844 519 929 pendebat
531 843 566 907 in
580 842 653 935 o'e're
670 843 774 923 tellus,

60 952 260 1018 Ponderibus
275 954 390 1018 librato
402 954 492 1033 suis3
513 975 572 1045 nec
587 954 719 1021 brechia
733 955 831 1041 longo
867 1008 870 1012 .

60 1063 209 1150 Margine
223 1068 377 1132 terrerum
391 1073 571 1151 porrexerat
584 1065 792 1151 Amphitrite.

61 1171 201 1260 Quique
215 1174 279 1239 fuit
292 1175 400 1255 tellus,
414 1174 529 1241 illicet
542 1185 661 1260 pontus
675 1184 708 1241 et
722 1175 798 1241 e‘e'r:
1023 1173 1063 1237 15

61 1283 117 1348 sic
132 1292 199 1348 eret
213 1283 373 1349 instabilis
388 1285 494 1364 tellus,
508 1284 659 1351 innobilis
673 1284 777 1363 undo,⁴

63 1393 159 1458 Lucis
174 1416 270 1480 egens
285 1395 360 1459 a'er:
383 1395 462 1461 nulli
478 1417 537 1459 sue
551 1395 652 1460 forma
666 1395 827 1459 manebat.

64 1503 315 1590 Obstr'rbatqne*
337 1505 409 1571 aliis
425 1505 532 1586 eliu'd3
555 1507 633 1592 qnia
646 1525 774 1591 corpore
788 1503 823 1567 in
837 1523 903 1567 nno

65 1612 197 1700 Frigida
212 1616 403 1702 pugnitbant
417 1601 540 1690 calidis,
555 1614 722 1681 humentia
737 1612 842 1692 siccis,

66 1723 181 1789 Mollia
196 1746 271 1789 cum
285 1725 372 1793 duris
388 1726 456 1791 sine
471 1728 610 1814 pondere
624 1724 777 1791 habentia
791 1724 925 1810 pondus.
1023 1723 1065 1787 20

66 1834 162 1899 Henc
179 1835 269 1899 Deus
284 1845 316 1899 et
330 1837 438 1902 melior
451 1837 541 1901 litem
555 1841 670 1900 natirra
684 1834 831 1899 diremit:

67 1944 154 2008 Nem
169 1944 251 2009 coelo
265 1955 376 2019 terras,
391 1956 423 2010 et
438 1945 530 2015 terrie
544 1944 682 2015 abscidit
697 1945 821 2023 undae3

67 2054 114 2118 Et
127 2055 285 2142 liquidum
300 2055 404 2141 spisso
418 2054 552 2120 sectivit
567 2056 608 2119 ab
623 2054 696 2147 aere
710 2053 835 2119 coelum.

69 2165 155 2239 Quae
168 2175 340 2252 postquam
355 2163 483 2245 evolvit,
499 2169 653 2252 coecoque
668 2165 787 2230 exemit
801 2184 924 2243 acervo,

11 2308 13 2313 ·
69 2275 257 2343 Dissocie‘rta
271 2276 351 2340 locis
366 2277 514 2342 concordi
529 2296 608 2362 pace
622 2276 743 2360 ligavit.
1024 2275 1068 2338 25

11 2440 13 2447 .
69 2386 171 2472 lgneo
186 2386 319 2449 convexi
335 2384 383 2450 ris
398 2395 431 2450 et
446 2385 515 2450 sine
529 2386 667 2470 pondere
682 2384 753 2450 coeli

70 2495 224 2575 Emicuit,
239 2495 429 2580 summique
442 2496 550 2561 locum
564 2495 624 2560 sibi
639 2496 717 2581 legit
730 2495 765 2558 in
780 2517 860 2559 erce.

72 2606 243 2672 Proximus
257 2617 305 2671 est
319 2606 373 2670 a'er
388 2606 433 2673 illi
448 2606 579 2675 levitate
594 2607 738 2692 locoque.

11 2668 28 2907 t
72 2715 212 2783 Deneior
226 2715 277 2781 his
288 2716 385 2781 tellus
398 2741 407 2795 3
429 2717 646 2801 elementaque
661 2713 795 2801 grendia
808 2715 926 2792 tmxit3
940 2774 945 2784 .

72 2828 118 2895 Et
132 2848 239 2914 presso
254 2837 303 2891 est
316 2826 471 2912 gravitirte
486 2827 545 2890 sui.
591 2825 805 2891 Circumfluus
821 2826 948 2890 humor.
975 2878 978 2883 .
1013 2827 1071 2890 ‘30

12 2910 26 3013 l
73 2939 197 3004 Ultima
212 2936 366 3025 possedit,
381 2936 580 3023 solidumque
595 2935 735 3001 co'ercuit
749 2936 865 3001 orbem.

17 3164 28 3227 l
107 3207 122 3238 0
141 3205 262 3270 Althongh
283 3206 323 3256 the
341 3205 491 3270 conjunction
510 3222 559 3268 que,
582 3204 631 3253 like
651 3205 716 3253 other
734 3203 827 3252 enclitic
846 3203 963 3269 particles,
983 3205 1072 3269 elwaye

17 3242 32 3313 l
76 3282 161 3332 throwe
178 3283 238 3332 beel
256 3283 296 3331 the
307 3290 389 3332 necent
404 3297 435 3331 on
452 3281 492 3337 tlte
507 3282 606 3346 syllable
625 3279 783 3343 immediately
798 3280 924 3345 preceding
940 3281 968 3338 it,
987 3280 1073 3331 itit«

75 3358 176 3425 syllable
185 3358 216 3406 be
226 3358 282 3421 long
292 3359 323 3422 by
333 3357 432 3424 position
443 3372 470 3405 or
480 3357 609 3411 otherwise,
624 3373 650 3405 ae
660 3358 800 3417 obstabatque
808 3373 817 3415 ‚·
828 3364 867 3420 yet
881 3356 899 3403 it
909 3370 983 3404 seems
988 3369 1073 3422 proper

23 3418 50 3587 Ν
76 3444 99 3483 to
108 3435 176 3483 mark
187 3433 225 3482 the
235 3433 387 3498 penultimnte
405 3433 431 3482 ol
446 3432 485 3482 the
504 3433 578 3497 single
594 3432 665 3489 word,
684 3431 704 3478 il
717 3433 767 3479 that
778 3431 827 3479 also
836 3433 867 3481 be
878 3431 941 3494 long,
961 3439 985 3479 to
994 3430 1072 3479 inemo

77 3510 106 3560 lte
115 3517 204 3559 correct
213 3508 392 3574 pronuncietion
401 3508 471 3557 when
481 3509 552 3557 taken
571 3507 657 3573 eingly,
668 3522 695 3556 m
704 3508 813 3556 mantnt.
