2258 4012
417 250 448 293 Ρ.
473 247 592 292 ovum
619 244 776 293 nasonia

566 626 627 691 111.

140 852 248 912 Aurea
262 846 364 933 prima
379 855 449 911 sata
463 857 512 912 est
527 856 615 925 aetus,
631 868 704 931 quae
719 844 845 910 vindice
859 845 966 924 nullo,

99 956 221 1042 Sponte
235 955 295 1021 cub
308 956 376 1020 sine
391 957 461 1043 lege
476 957 572 1020 fidem
586 965 772 1042 rectumque
787 953 923 1018 colebat„
1057 950 1093 1015 W

100 1064 203 1131 Poena
217 1076 384 1151 metusque
396 1066 548 1145 aberant;
571 1086 629 1129 nec
644 1065 740 1128 verba
755 1062 892 1128 minacia
906 1063 977 1127 fixo

99 1173 176 1239 AEre
190 1176 388 1261 legebantur:
411 1196 471 1239 nec
487 1175 624 1261 supplex
638 1174 732 1238 turba
747 1173 906 1237 timebant

99 1284 224 1348 Judicis
238 1306 293 1349 ora
308 1284 357 1347 sui
369 1309 379 1365 ς
402 1285 457 1349 sed
473 1295 566 1349 erant
581 1284 649 1348 sine
663 1284 790 1350 vindice
804 1282 879 1347 tuti.

101 1390 255 1456 Nondum
269 1412 354 1457 caesa
368 1391 446 1470 suis,
461 1397 663 1478 peregrlnum
677 1403 714 1456 ut
728 1391 841 1456 viseret
855 1391 976 1464 orbem,

102 1499 281 1575 Montibus,
296 1502 329 1564 in
344 1501 483 1586 liquidas
497 1502 593 1589 pinus
608 1501 819 1566 descenderat
833 1502 962 1566 undas:
1055 1500 1092 1565 9⁶

103 1609 263 1696 Nullaque
279 1611 425 1674 mortales
440 1622 555 1697 praeter
572 1634 631 1676 sua
645 1612 750 1676 littora
763 1609 888 1675 nbrant.
1008 1650 1012 1657 ·

103 1718 253 1786 Nondum
270 1719 446 1806 praccipites
460 1721 635 1806 cingebant
649 1721 769 1806 oppida
783 1720 877 1784 sossoe
891 1743 899 1782 :

103 1828 177 1893 Non
192 1829 271 1894 tuba
285 1829 407 1905 directi,
421 1851 486 1894 non
500 1829 571 1893 aena
585 1850 704 1892 cornua
720 1827 806 1906 flexi,

103 1935 177 2004 Nou
192 1938 302 2025 galeae,
317 1961 381 2004 non
396 1939 490 2019 ensis,
505 1947 612 2003 erant:
636 1938 703 2001 sine
718 1936 828 2001 militia
841 1957 903 2000 usu

105 2046 218 2112 Mollia
232 2055 351 2112 securae
366 2049 563 2135 peragebant
576 2046 643 2110 otia
657 2055 779 2131 gentes·
1039 2044 1094 2111 100

104 2155 183 2243 Ipsa
196 2178 325 2242 quoque
340 2154 498 2235 immunia,
514 2159 677 2239 castroque
692 2154 826 2227 intacta,
841 2172 900 2216 nec
914 2151 991 2217 ullis

105 2262 224 2327 Saucia
238 2262 426 2344 vomeribus,
442 2285 498 2350 per
512 2284 545 2326 se
559 2262 659 2326 dabat
673 2260 779 2326 omnia
794 2261 910 2325 tellus:

104 2370 322 2459 Contentique
336 2370 415 2436 cibis
429 2372 517 2435 nullo
533 2379 665 2456 cogente
681 2368 806 2446 creatio,

102 2476 260 2544 Arbuteos
275 2478 383 2557 foetus,
398 2483 612 2563 montanaque
627 2477 718 2564 fraga
732 2476 893 2563 legEbant,

106 2587 276 2675 Cornaque
291 2598 324 2652 et
338 2589 373 2652 in
384 2587 471 2652 duris
486 2588 640 2651 baerentia
655 2610 742 2652 mora
754 2586 884 2664 rubetis,
1041 2588 1095 2655 loo

105 2694 150 2762 Et
164 2719 238 2782 quae
253 2696 435 2761 deciderant
450 2694 563 2782 patuli
577 2695 597 2760 J
599 2696 666 2760 ovis
681 2697 789 2761 arbore
805 2697 947 2784 glandes„

104 2804 171 2871 Ver
185 2814 254 2871 erat
269 2815 437 2883 aeternum3
460 2804 643 2891 placidique
657 2805 838 2892 tepentibus
853 2805 938 2870 aurio

106 2914 297 2980 Mulcebant
312 2912 451 2999 Zephyri
465 2924 556 2979 natos
571 2915 639 2979 sine
654 2917 772 2980 semine
787 2916 886 2981 flores.

107 3023 189 3089 Mox
204 3023 300 3088 etiam
313 3022 420 3109 fruges
435 3022 529 3086 tellus
543 3021 666 3087 inarata
681 3024 823 3088 leuabat:

107 3131 175 3197 Nec
190 3138 358 3198 renovatus
373 3155 448 3219 ager
462 3132 603 3219 gravidis
619 3134 755 3198 canebat
770 3132 883 3198 aristis.
1042 3136 1096 3199 110

106 3238 253 3307 Flumina
263 3243 333 3327 jam
347 3242 450 3322 lactis,
461 3243 529 3328 jam
547 3241 679 3305 flumina
692 3242 829 3306 nectaris
844 3241 957 3321 ibaut;

107 3348 268 3439 Flavaque
283 3350 325 3414 de
340 3350 432 3417 viridi
447 3350 610 3417 stillabant
624 3348 695 3413 ilice
710 3349 811 3413 mella.
879 3410 882 3415 .
