2280 4004
93 250 137 317 8⁰
413 271 447 317 a.
468 270 592 318 ovum
617 270 777 318 nasonis

92 435 272 502 Deucalion
286 435 461 525 lachrymis
474 438 522 503 ita
533 437 691 526 Pynbam
705 436 830 502 affatur
843 433 981 500 obortis:
1039 432 1102 498 350

91 545 123 611 Ο
139 569 235 627 soror,
249 546 270 612 ὂ
284 549 415 635 conjux,
429 547 451 613 ὃ
465 548 597 614 foemina
611 550 680 615 sola
694 530 869 636 superstes,

91 656 202 734 Quam
215 665 384 723 commune
398 658 477 722 mihi
493 681 609 745 genus,
624 669 658 725 et
671 657 828 746 patruelis
842 659 945 744 origo,

91 766 218 834 Deinde
233 779 321 834 torus
331 769 455 856 junxit,
469 791 556 836 nunc
570 770 642 857 ipsa
656 769 799 857 pericula
808 770 978 856 jungunt3

88 878 266 960 Terrarum,
285 901 494 966 quascunque
508 879 621 945 vident
633 885 765 945 occasus
779 887 814 943 et
827 887 927 952 ortus,

89 989 158 1055 Nos
172 989 239 1055 duo
253 990 349 1054 turba
363 1010 495 1053 sumus:
517 989 660 1076 possedit
674 997 791 1054 aaetera
805 998 935 1075 pontus
1034 987 1099 1051 355

89 1099 186 1165 Nunc
201 1121 330 1188 quoque
345 1098 454 1165 adhue
468 1100 545 1164 vitae
558 1121 625 1165 uon
639 1109 689 1164 est
702 1098 823 1164 fiducia
836 1107 955 1163 nostrae

89 1208 187 1275 certa
201 1213 299 1275 satis:
322 1219 442 1275 terrent
455 1209 631 1275 etiamnum
645 1209 757 1274 nubila
770 1217 922 1274 mentem.

88 1316 176 1392 Quid
192 1317 262 1398 tibi,
277 1317 305 1381 si
319 1317 388 1382 sine
400 1338 453 1383 me
467 1317 545 1382 fatis
560 1327 669 1404 erepta
682 1318 810 1391 fuisses,

88 1427 187 1492 Nune
200 1427 311 1501 animi,
326 1426 515 1507 miseranda,
530 1426 633 1492 foret?
663 1427 739 1502 Quo
753 1427 822 1491 sola
835 1425 984 1490 timbrem

88 1533 181 1601 Ferre
195 1536 291 1601 modo
305 1535 439 1623 possesl
462 1535 539 1611 Quo
552 1528 747 1616 consolante,
761 1536 909 1602 doleres?
1032 1538 1098 1601 360

88 1646 238 1732 Namque
252 1668 323 1733 ego,
337 1647 448 1726 (crede
461 1644 557 1725 mibi)
572 1646 599 1709 si
615 1656 649 1710 te
663 1644 760 1711 modb
775 1653 895 1732 pontus
909 1644 1054 1725 haberat,

85 1756 133 1822 Te
147 1779 294 1844 sequerer
307 1758 426 1844 eonjux
439 1781 449 1836 ;
470 1765 504 1820 et
517 1777 570 1821 me
584 1778 713 1844 quoque
727 1764 846 1844 pontus
861 1756 1006 1821 baberet

86 1865 118 1932 0
135 1868 259 1935 utinam
273 1889 402 1954 possem
416 1869 553 1954 populos
566 1871 710 1954 reparare
725 1866 866 1955 paternis

85 1977 228 2059 Artibus,
242 1988 342 2065 atque
355 1979 480 2043 animas
495 1977 639 2044 formata
654 1978 823 2043 infundere
837 1987 927 2042 terrae
941 1977 949 2041 l

86 2088 181 2155 Nunc
197 2088 347 2177 genusin
362 2087 455 2154 nobis
470 2099 572 2154 restat
584 2089 876 2168 mortaledubbus3
1028 2092 1096 2155 365

84 2198 156 2282 (Sic
170 2199 276 2265 visum
291 2197 428 2286 superis)
445 2198 675 2285 hominumque
689 2198 837 2286 exempla
850 2203 1029 2280 manemus,

85 2308 232 2389 Dixerat,
245 2318 279 2373 et
292 2309 415 2374 flebant
426 2333 435 2389 3
457 2309 581 2397 placuit
594 2310 720 2374 eaeleste
735 2307 857 2397 precari

86 2417 226 2498 Numen,
241 2429 274 2482 et
288 2418 443 2482 auxilium
457 2441 635 2506 persuasae
650 2440 791 2507 quaerere
805 2430 913 2485 sortes.

85 2526 185 2593 Nulla
199 2549 289 2592 mora
303 2536 371 2607 est3
393 2528 515 2592 adeunt
528 2528 648 2615 paritur
663 2529 856 2617 Cephisidas
869 2531 986 2610 undas,

37 2700 40 2705 .
85 2639 134 2706 Ut
148 2638 291 2704 nondum
305 2637 456 2725 liquidas,
470 2637 516 2703 sic
528 2639 598 2725 jam
613 2639 698 2703 vada
711 2649 789 2704 nota
802 2649 954 2704 secantes
1029 2642 1095 2705 370

88 2750 166 2816 lude
180 2749 236 2815 ubi
250 2749 366 2814 libatos
379 2747 549 2814 inroravere
563 2748 705 2837 liquores

84 2859 237 2926 Vestibus
252 2869 284 2924 et
298 2857 408 2945 capiti,
423 2859 560 2924 flectunt
571 2858 708 2946 vestigia
722 2869 845 2925 sanctae

84 2971 137 3037 Ad
151 2971 285 3036 delubra
298 2968 389 3049 deae3
412 2990 549 3056 quorum
563 2969 693 3056 fastigia
708 2969 794 3056 tuipi

85 3080 297 3169 squallebant
313 3101 434 3159 musco,
449 3080 642 3166 stabantque
657 3080 725 3143 sine
739 3079 869 3167 ignibus
884 3102 957 3146 aras.

84 3193 132 3259 Ut
148 3191 258 3280 templi
273 3190 404 3278 tetigere
420 3189 550 3278 gradus,
566 3191 748 3278 procumbit
762 3200 896 3280 uterque
1026 3197 1094 3260 375

85 3301 211 3371 Pronus
226 3301 327 3382 humi,
342 3301 509 3389 geliddque
523 3323 643 3389 pavens
657 3302 748 3367 dedit
761 3304 872 3368 oscula
886 3325 984 3368 saxo:

85 3417 194 3504 Atque
209 3415 266 3491 ita,
282 3413 319 3479 Si
333 3412 493 3503 precibus,
507 3413 670 3494 dixerunt,
685 3413 817 3478 numina
827 3413 928 3500 justis
