2280 4004
119 230 160 299 tr
441 255 473 298 n.
496 252 616 300 ovim-r
641 250 801 299 tutonis
912 269 938 331 3

119 415 316 480 Poscebr‘rtur
330 416 447 480 humus
461 441 469 496 3
492 418 544 482 sed
562 417 644 481 itum
659 429 708 483 est
723 419 756 481 in
771 417 895 481 viscera
909 425 1006 480 terrae
1021 439 1029 477 :

119 525 273 612 Quasque
288 527 518 601 recondiderat,
535 526 719 614 Stygiisque
734 528 918 591 admoverat
933 523 1067 602 umbris,

119 633 326 700 Effodiuntur
340 656 427 720 opes,
442 635 637 699 irritamenta
652 637 818 698 malorum.
1063 631 1114 694 140

119 743 255 829 Jamque
269 765 389 807 nocens
405 745 533 817 ferrum,
548 743 692 828 ferreque
708 743 875 807 nocentius
890 726 1008 807 aurum

120 852 302 918 Prodierst:
326 852 432 938 prodit
447 853 576 930 bellum,
590 853 678 939 quod
694 853 999 938 pugnat-utroque;

122 944 372 1049 Sanguinetqire
385 983 483 1030 monn
498 960 686 1051 crepitantia
700 958 845 1025 concutit
858 980 968 1025 arms..

101 1079 104 1083 ’
120 1068 249 1140 Vivitur
264 1090 302 1131 ex
318 1077 429 1154 rapto:
453 1089 518 1131 non
533 1069 648 1154 hospes
665 1069 706 1133 ab
715 1067 847 1154 hospite
860 1077 964 1143 tutus,

120 1177 194 1242 Non
206 1198 293 1241 socer
308 1174 327 1238 d
341 1197 475 1262 genem
498 1176 631 1241 fratrum
643 1175 887 1263 quoquegrutr'o
898 1197 971 1241 rats
982 1185 1041 1242 est.
1060 1175 1113 1241 145

120 1287 270 1353 Imminet
283 1287 381 1351 exitio
396 1286 443 1353 vir
457 1285 616 1373 conjugis,
629 1286 685 1351 ille
699 1286 829 1353 manet:

121 1384 237 1462 Lurids
252 1397 407 1461 terribiles
420 1395 558 1463 miscent
571 1399 889 1473 aconito-novercas.
937 1452 941 1459 .

85 1566 88 1572 Δ
119 1506 219 1571 Filius
231 1516 305 1570 ante
320 1505 404 1569 diem
419 1506 539 1592 patrios
554 1505 688 1591 inquIrit
702 1504 738 1569 iu
753 1526 867 1569 annos.

118 1614 217 1681 Victa
225 1616 315 1702 jacet
329 1616 431 1701 pietas
445 1637 453 1676 z
482 1624 516 1678 et
530 1615 619 1701 virgo
634 1615 903 1679 caedemcdentes

118 1723 241 1791 Ultimo
255 1722 423 1789 coelestdm
437 1733 536 1788 terras
550 1725 677 1791 Astroec
690 1723 833 1810 reliquit.
1057 1723 1106 1789 ltt

600 2064 642 2129 V.

160 2279 249 2344 Neve
264 2280 345 2343 foret
358 2281 449 2344 terris
463 2281 601 2346 securior
615 2282 735 2347 arduus
749 2282 870 2362 aetlrer3

116 2389 298 2455 Affectdsse
313 2390 420 2454 ferunt
431 2412 567 2476 regnum
583 2391 711 2456 coeleste
728 2391 905 2478 Giganteo·

114 2499 254 2584 Altaque
270 2509 438 2584 congestos
453 2499 605 2563 struxisse
620 2498 662 2565 ad
676 2500 780 2565 sidera
795 2510 930 2567 montes.
956 2513 959 2528 ¹

113 2606 196 2671 'l'um
212 2617 303 2695 pater
318 2608 518 2694 omnipotens
532 2608 629 2672 misso
644 2609 797 2696 perfregit
812 2609 992 2699 Olympum

114 2717 271 2792 Fulmine,
287 2728 320 2782 et
333 2717 475 2782 excussit
490 2718 636 2803 subjecto
653 2717 743 2782 Pelio
760 2719 886 2785 Ossam.
1049 2716 1097 2783 ltt

115 2824 240 2889 Obruta
255 2825 336 2889 mole
351 2825 412 2890 sud
426 2825 502 2890 edm
516 2848 648 2912 corpora
662 2826 731 2892 dira
741 2829 896 2914 jacerent,

114 2934 279 2998 Perffisam
296 2934 397 2998 multo
412 2939 560 2998 notorum
575 2937 733 3021 sanguine
748 2946 862 3002 terram

114 3042 326 3108 Immaduisse
339 3043 455 3122 ferunt,
470 3043 673 3130 calidumque
688 3046 849 3112 animdsse
863 3054 1006 3115 cruorem
1018 3075 1026 3128 ;
1125 3034 1131 3117 l

114 3153 167 3227 Et,
182 3175 222 3216 ne
237 3155 324 3217 nulla
339 3154 413 3218 fcrae
428 3153 535 3240 stirpis
551 3166 757 3221 monuments
771 3162 945 3240 manerent,
1126 3134 1132 3237 l

114 3263 153 3327 ln
167 3263 280 3327 faciem
295 3264 424 3328 vertisse
438 3263 625 3327 hominum:
657 3268 712 3330 sed
728 3278 761 3332 et
776 3268 829 3332 illa
845 3275 988 3358 proprigo
1048 3268 1098 3335 160
1130 3352 1133 3359 Ι

114 3372 336 3460 contemptrix
351 3374 510 3460 supersim,
526 3397 685 3460 saevaeque
700 3377 883 3444 avidissima
897 3381 1008 3460 caedis,
1130 3368 1133 3421 3

112 3482 157 3546 Et
171 3485 308 3549 violente
323 3484 393 3547 fuit.
439 3484 544 3550 Scires
557 3484 576 3548 ὲ
591 3487 747 3573 sanguine
761 3498 864 3554 natos.
