2280 4004
436 258 467 304 1’.
492 258 610 302 ovum
637 254 795 300 NASONIS

593 563 637 630 ΙΙ.

111 735 172 801 Src
189 737 244 801 ubi
258 736 459 824 dispositam,
474 734 619 824 quisquis
634 734 697 799 fuit
712 733 764 798 ille
781 732 934 810 Deorum,
1052 750 1055 759 ·
1098 752 1102 759 ·
1139 823 1140 828 η

111 846 300 934 congeriem
315 849 426 928 secuit,
442 858 626 932 sectamque
639 845 674 908 in
687 845 831 908 membra
845 841 990 928 redegit;
1097 832 1100 837 ¹

111 955 273 1044 Principio
287 969 414 1033 terram,
429 956 471 1021 ne
485 979 551 1022 non
565 956 695 1042 oequslis
710 956 751 1019 ab
766 951 853 1018 omni
1080 944 1084 951 ’

111 1065 208 1132 Parte
223 1068 315 1147 foret,
330 1068 439 1154 magni
455 1054 593 1154 speciem
609 1065 794 1153 glomeravit
810 1065 844 1128 in
858 1063 952 1127 orbis.
1065 1056 1104 1125 dd

110 1176 193 1241 Tum
208 1177 289 1242 freta
303 1177 452 1257 diffundi,
467 1176 648 1264 rapidisque
664 1186 839 1241 tumescere
853 1172 960 1238 ventis
1052 1162 1058 1193 ’·
1086 1166 1089 1175 '

109 1287 223 1362 Jussit,
237 1297 270 1351 et
284 1290 415 1353 ambitae
431 1288 628 1352 circumdare
642 1286 749 1351 littora
763 1294 865 1349 terrm.
963 1272 971 1283 ⁹

109 1397 245 1461 Addidit
260 1407 292 1462 et
307 1398 412 1462 fontes
428 1398 647 1483 immensaque
662 1407 789 1482 stagna,
804 1395 975 1480 lacusque3

111 1506 322 1595 Fluminaque
337 1509 477 1595 obliquis
492 1508 594 1572 cinxit
608 1507 741 1572 declivia
756 1506 854 1593 ripis:

111 1617 195 1692 Quae
210 1619 334 1682 diversa
348 1618 425 1683 locis
441 1619 557 1705 partim
573 1619 738 1683 sorbentur
752 1617 793 1681 ab
808 1613 903 1703 ipsb;
1070 1604 1107 1676 fd

111 1727 151 1791 ln
167 1751 252 1793 mare
267 1728 457 1815 perveniunt
472 1729 598 1814 partim,
613 1732 791 1816 campoque
806 1734 936 1812 recepta
1093 1726 1096 1731 ’

112 1835 278 1902 Liberioris
294 1861 398 1924 aquae,
414 1861 469 1926 pro
484 1838 560 1925 ripis
576 1838 684 1903 littora
700 1835 841 1925 pulsant.
916 1918 920 1922 Ι

110 1947 214 2011 Jussit
228 1959 262 2012 et
275 1949 406 2012 extendi
420 1970 560 2035 campos,
577 1949 740 2013 subsidere
755 1948 863 2021 valles,

111 2055 237 2121 Fronde
254 2057 320 2142 tegi
336 2058 453 2142 sylvas,
468 2054 627 2145 lapidosos
643 2081 771 2146 surgere
787 2065 919 2122 montes.

111 2166 221 2254 thue
237 2167 310 2230 duae
325 2166 440 2231 dextrfr
453 2169 580 2247 coelum,
597 2169 793 2255 totidemque
807 2166 937 2232 sinistri
1067 2164 1105 2230 fd

112 2276 208 2341 Parte
223 2285 332 2340 secant
348 2277 456 2357 Zonae,
472 2278 585 2364 quinta
600 2289 648 2344 est
663 2278 823 2343 ardentior
837 2277 920 2342 illis:

112 2385 168 2451 Sic
183 2409 263 2450 onus
279 2387 439 2452 inclirsum
453 2410 584 2454 numero
599 2388 746 2452 distinxit
761 2390 872 2453 eddom

111 2497 199 2562 Cura
214 2495 298 2559 Dei:
323 2498 517 2584 totidemque
532 2500 638 2586 plagae
653 2500 765 2562 tellr'rre
780 2509 987 2586 premuntur:
1026 2510 1031 2519 '

112 2607 257 2683 Quarum
272 2630 345 2693 quae
360 2608 465 2672 media
480 2618 538 2683 est,
554 2631 617 2673 non
634 2619 684 2673 est
698 2608 884 2674 habitabilis
900 2621 982 2675 aestu
995 2635 1005 2690 ;
1098 2620 1102 2625 '

111 2716 178 2782 Nix
193 2717 276 2803 tegit
290 2718 356 2781 alta
371 2718 466 2797 duas3
489 2719 621 2783 totidem
636 2719 720 2784 inter
734 2728 902 2807 utramque
916 2720 1046 2802 locavit,
1067 2706 1107 2787 60

111 2827 373 2914 Temperiemque
388 2827 488 2906 dedit,
503 2828 601 2892 mistui
617 2852 691 2894 cum
707 2829 822 2916 frigore
837 2831 978 2896 flammai.
1084 2810 1089 2847 ἰ

112 2937 262 3003 Imminet
277 2937 327 3001 bis
342 2936 406 3015 a'er,
422 2936 489 3023 qui,
505 2949 626 3023 quanto
643 2950 692 3004 est
706 2941 845 3027 pondere
859 2950 952 3006 terrm

113 3049 244 3115 Pondus
259 3072 351 3135 squae
366 3047 487 3128 levius3
511 3058 602 3114 tanto
618 3060 667 3114 est
681 3050 839 3116 onerosior
853 3051 930 3138 igni.

112 3159 184 3226 Illic
199 3169 231 3223 et
246 3159 389 3237 nebulas,
403 3157 468 3223 illic
483 3158 654 3224 consistere
669 3162 771 3225 nubes

111 3269 224 3344 Jussit,
238 3280 271 3333 et
285 3269 440 3332 humanas
456 3275 579 3333 motirra
593 3270 734 3335 tonitrua
749 3281 883 3346 mentes,
1070 3276 1108 3338 65

113 3380 247 3446 Etcum
264 3378 449 3443 fulminibus
465 3379 619 3443 facientes
635 3379 752 3466 frigora
766 3392 898 3447 ventos:

113 3491 174 3556 His
189 3511 316 3576 quoque
329 3510 394 3551 non
408 3489 527 3574 passim
542 3491 653 3554 mundi
668 3490 836 3556 fabricator
850 3492 1035 3559 habendum

111 3601 197 3665 Aiira
212 3598 367 3685 permisit.
411 3595 476 3659 Vir
491 3618 579 3662 nunc
594 3598 757 3663 obsistitur
771 3583 845 3678 illis,

50 3720 127 3768 -ι
