2280 4004
91 214 139 278 90-
175 198 179 205 ’
409 233 440 281 r.
463 234 585 283 uvion
609 235 770 286 ursonis
859 276 862 282 .

92 384 157 449 Sed
173 385 241 450 lere
252 385 279 449 si
294 408 412 452 munus
427 389 524 454 sociae
537 392 725 477 generisque
739 395 867 478 torique
916 408 919 413 “
1030 385 1094 462 6³20

91 495 202 561 Vacca
214 503 403 584 nogaretum
426 510 550 586 poterat
564 523 628 567 non
643 523 743 567 vacca
756 502 870 567 videri.

94 606 214 672 Pellice
228 608 361 683 donata,
374 630 440 674 non
454 609 602 696 protinus
616 613 707 676 exuit
721 632 849 676 omnem
917 648 936 665 ··

95 718 182 782 Diva
197 729 317 783 metum
329 744 338 798 3
357 719 532 807 timuitque
545 722 669 802 lovem,
685 733 719 786 et
733 723 797 788 suit
810 722 908 787 anxia
921 718 1012 803 furti,
1027 751 1030 754 ’

97 830 211 893 Donec
226 827 409 896 Aristoridae
425 833 614 896 servandam
627 833 762 897 tradidit
775 834 873 920 Argo.

96 941 237 1004 Centum
251 939 426 1006 luminibus
441 942 584 1007 cinctum
598 954 698 1029 caput
712 945 819 1030 Argus
832 944 996 1010 habebat:
1036 945 1098 1010 625

97 1051 177 1116 Inde
193 1050 260 1115 suis
275 1050 399 1116 vicibus
414 1053 586 1139 capiebant
601 1054 678 1118 bina
693 1054 837 1141 quistem
852 1080 862 1133 3

97 1163 221 1227 Caetera
236 1163 415 1243 servabant,
428 1172 526 1250 atque
539 1162 574 1228 in
590 1165 727 1229 statione
739 1167 925 1232 manebant.

10 1262 13 1268 Α
96 1273 294 1339 Constiterat
308 1296 502 1361 quocunque
514 1276 621 1355 modo,
634 1277 803 1362 spectabat
816 1279 857 1341 ad
873 1277 910 1342 Io
923 1304 931 1342 :

95 1387 181 1451 Ante
194 1385 301 1451 oculos
318 1385 365 1464 lo,
380 1384 527 1472 quamvis
541 1407 682 1461 aversus,
697 1387 862 1453 habebat:

98 1498 184 1561 luce
199 1496 275 1560 sinit
288 1496 396 1584 pasci:
419 1494 494 1560 edm
509 1497 557 1561 sol
573 1498 682 1562 tellure
697 1499 759 1562 sub
771 1497 841 1563 ant
855 1510 916 1579 est,
1038 1501 1101 1565 630

97 1608 241 1687 claudit,
257 1617 290 1672 et
304 1607 438 1694 indigno
453 1607 633 1673 circumdat
647 1607 777 1674 vincula
791 1609 882 1674 collo.
920 1620 928 1631 ‘
1124 1591 1127 1596 ¹

96 1717 274 1784 Fraudibus
289 1717 428 1782 arbuteis
443 1728 476 1781 et
490 1717 600 1782 amira
619 1718 759 1783 vescitur
771 1718 892 1799 herbd3

99 1829 225 1915 Proque
240 1838 319 1903 toro,
335 1838 426 1894 terrae
438 1850 505 1894 uon
521 1850 647 1917 semper
662 1851 794 1916 gramen
807 1829 940 1894 habenti
1033 1880 1036 1887 .

99 1941 238 2005 Incubat
253 1940 387 2021 infeli13
408 1939 850 2026 limosaquefluminapotat

98 2052 159 2117 Illa
174 2053 272 2117 etiam
288 2052 423 2137 supplex
439 2050 528 2138 Argo
541 2049 615 2114 cum
630 2050 761 2115 brachia
774 2051 872 2116 vellet
1039 2055 1102 2118 635

97 2162 250 2238 Tendere,
264 2184 330 2228 non
344 2161 471 2241 habuit,
485 2183 558 2248 quae
572 2161 702 2226 brachia
716 2163 859 2226 tenderet
872 2162 978 2248 Argo:

100 2275 291 2361 Conatoque
305 2273 395 2360 queri
409 2275 558 2359 mugitus·
568 2272 670 2336 edidit
683 2293 757 2351 ore3

102 2385 338 2470 Pertimuitque
354 2405 460 2463 sonos,
475 2381 666 2470 propribque
680 2382 832 2447 exterrita
845 2402 925 2449 voce
940 2394 1001 2450 est

103 2496 203 2563 Venit
217 2507 250 2560 et
264 2496 307 2562 ad
322 2495 417 2582 ripas,
432 2493 487 2558 ubi
502 2494 611 2558 ludere
626 2492 715 2581 saepb
731 2494 865 2573 solebat,

103 2608 274 2674 Inachidas
289 2607 375 2693 ripas
389 2630 397 2686 ;
419 2624 566 2690 novaque
582 2614 620 2668 ut
633 2604 803 2690 conspexit
817 2605 851 2668 in
865 2604 955 2668 unda
1044 2608 1105 2670 640

104 2720 244 2794 Cornua,
260 2717 434 2806 pertimuit,
449 2737 546 2802 seque
560 2719 727 2780 externata
741 2713 866 2802 refugit

105 2831 246 2897 Naiadas
260 2829 421 2917 ignorant,
435 2826 563 2914 ignorat
577 2837 612 2891 et
626 2826 767 2890 Inachus
782 2825 861 2912 ipse,

106 2943 189 3017 Quae
204 2942 268 3006 sit:
291 2938 395 3004 atille
410 2947 533 3025 patrem
548 2936 704 3023 sequitur,
720 2936 1078 3024 sequiturque'soroms5

104 3054 149 3119 Et
164 3053 285 3140 patitur
299 3050 401 3137 tangi,
416 3069 513 3135 seque
528 3046 762 3114 admirantibus
777 3046 879 3112 offert

108 3165 285 3252 Decerptas
299 3162 402 3228 senior
416 3171 598 3247 porrexerat
613 3157 756 3222 Inachus
770 3157 903 3236 herbas3
1045 3159 1103 3222 ort

107 3278 168 3342 Illa
182 3296 297 3340 manus
311 3271 434 3347 lambit,
449 3270 624 3358 patriisque
638 3269 695 3333 dat
709 3268 819 3333 oscula
833 3266 958 3354 palmis,
994 3292 998 3297 ·

108 3389 176 3454 Nec
191 3385 306 3452 retinet
319 3385 498 3469 lacrymas;
520 3390 564 3460 et,
578 3381 606 3444 si
621 3379 717 3445 modo
732 3380 827 3444 verba
842 3387 1033 3465 sequantur,
1128 3328 1132 3495 ἓ

108 3501 188 3565 Oret
203 3519 307 3584 opem,
321 3514 502 3580 nomenque
516 3513 621 3571 suum,
635 3512 793 3577 casusque
807 3490 968 3576 loquatur.
1128 3502 1132 3571 j
